{"gold_per_floor":[133,283,334,1,1,47,88,148,148,48,48,134,237,596,596,596],"floor_reached":16,"playtime":917,"items_purged":["Doubt","Strike_R"],"score":240,"play_id":"a6bb71a5-fb9b-448a-970e-b07110c430df","local_time":"20220404120705","is_ascension_mode":true,"campfire_choices":[{"floor":11.0,"key":"REST"},{"data":"Bash","floor":15,"key":"SMITH"}],"neow_cost":"PERCENT_DAMAGE","seed_source_timestamp":24979773874100,"circlet_count":0,"master_deck":["AscendersBane","Strike_R","Strike_R","Strike_R","Strike_R","Defend_R","Defend_R","Defend_R","Defend_R","Bash+1","HandOfGreed","Twin Strike","Iron Wave","Battle Trance","Impervious","Headbutt","Armaments","Feel No Pain","Disarm"],"special_seed":0,"relics":["Burning Blood","Toolbox","CeramicFish","Question Card","Paper Frog","Old Coin"],"potions_floor_usage":[14],"damage_taken":[{"damage":9.0,"enemies":"Jaw Worm","floor":1.0,"turns":4.0},{"damage":1.0,"enemies":"2 Louse","floor":3.0,"turns":4.0},{"damage":45.0,"enemies":"Lagavulin","floor":6.0,"turns":7.0},{"damage":7.0,"enemies":"Small Slimes","floor":7.0,"turns":3.0},{"damage":20.0,"enemies":"3 Sentries","floor":8.0,"turns":8.0},{"damage":7.0,"enemies":"3 Louse","floor":12.0,"turns":6.0},{"damage":16.0,"enemies":"Lots of Slimes","floor":13.0,"turns":13.0},{"damage":2,"enemies":"Gremlin Nob","floor":14,"turns":4},{"damage":34,"enemies":"Hexaghost","floor":16,"turns":9}],"seed_played":"1807589251211584234","potions_obtained":[{"floor":7.0,"key":"PowerPotion"},{"floor":12.0,"key":"HeartOfIron"}],"is_trial":false,"path_per_floor":["M","?","M","$","?","E","M","E","T","$","R","M","M","E","R","B"],"character_chosen":"IRONCLAD","items_purchased":["Toolbox","Battle Trance"],"campfire_rested":1,"item_purchase_floors":[4,4],"current_hp_per_floor":[47,47,52,52,75,36,35,21,21,21,43,42,32,36,36,2],"gold":596,"neow_bonus":"RANDOM_COLORLESS_2","is_prod":false,"is_daily":false,"chose_seed":false,"campfire_upgraded":1,"win_rate":0,"timestamp":1649099225,"path_taken":["M","?","M","$","?","E","M","E","T","$","R","M","M","E","R","BOSS"],"build_version":"2022-03-07","purchased_purges":2,"victory":false,"max_hp_per_floor":[75,75,75,75,75,75,75,75,75,75,75,75,75,75,75,75],"card_choices":[{"not_picked":["Mayhem","Violence"],"picked":"HandOfGreed","floor":0.0},{"not_picked":["Wild Strike","Burning Pact"],"picked":"Twin Strike","floor":1.0},{"not_picked":["Body Slam","Cleave"],"picked":"Iron Wave","floor":3.0},{"not_picked":["Sword Boomerang","Infernal Blade","Pummel"],"picked":"SKIP","floor":6.0},{"not_picked":["Shockwave","Clothesline"],"picked":"Impervious","floor":7.0},{"not_picked":["Hemokinesis","Pommel Strike"],"picked":"Headbutt","floor":8.0},{"not_picked":["Clothesline","Shockwave","Berserk"],"picked":"Armaments","floor":12.0},{"not_picked":["Battle Trance","Wild Strike","Body Slam"],"picked":"Feel No Pain","floor":13.0},{"not_picked":["Cleave","Body Slam","Sword Boomerang"],"picked":"Disarm","floor":14}],"player_experience":893239,"relics_obtained":[{"floor":6.0,"key":"CeramicFish"},{"floor":8.0,"key":"Question Card"},{"floor":9.0,"key":"Paper Frog"},{"floor":14,"key":"Old Coin"}],"event_choices":[{"damage_healed":0.0,"max_hp_gain":0.0,"max_hp_loss":0.0,"gold_gain":150.0,"event_name":"Liars Game","player_choice":"AGREE","floor":2.0,"gold_loss":0.0,"damage_taken":0.0,"cards_obtained":["Doubt"]},{"damage_healed":25.0,"max_hp_gain":0.0,"max_hp_loss":0.0,"gold_gain":0.0,"event_name":"Big Fish","player_choice":"Banana","floor":5.0,"gold_loss":0.0,"damage_taken":0.0}],"is_beta":false,"boss_relics":[],"items_purged_floors":[4,10],"is_endless":false,"potions_floor_spawned":[7,12],"killed_by":"Hexaghost","ascension_level":20}