{"gold_per_floor":[110,123,273,273,284,315,330,355,355,355,355,355,367,399,399,399],"floor_reached":16,"playtime":341,"items_purged":[],"score":340,"play_id":"9b6b0eb5-e43e-4c94-aa9a-670a75c3cbd0","local_time":"20220405201139","is_ascension_mode":true,"campfire_choices":[{"data":"Eruption","floor":10,"key":"SMITH"},{"data":"CrushJoints","floor":12,"key":"SMITH"},{"data":"Devotion","floor":15,"key":"SMITH"}],"neow_cost":"NONE","seed_source_timestamp":141121895897500,"circlet_count":0,"master_deck":["AscendersBane","Strike_P","Strike_P+1","Strike_P","Strike_P","Defend_P","Defend_P","Defend_P","Defend_P","Eruption+1","Vigilance","FollowUp","FlurryOfBlows+1","BowlingBash","Halt","CrushJoints+1","Protect","Devotion+1","WheelKick"],"relics":["PureWater","NeowsBlessing","Bag of Preparation","InkBottle","Mango","FossilizedHelix"],"potions_floor_usage":[8],"damage_taken":[{"damage":0,"enemies":"2 Louse","floor":1,"turns":1},{"damage":0,"enemies":"Jaw Worm","floor":2,"turns":1},{"damage":0,"enemies":"Small Slimes","floor":5,"turns":1},{"damage":22,"enemies":"Lagavulin","floor":6,"turns":5},{"damage":1,"enemies":"2 Fungi Beasts","floor":7,"turns":2},{"damage":0,"enemies":"3 Sentries","floor":8,"turns":2},{"damage":8,"enemies":"Large Slime","floor":13,"turns":3},{"damage":0,"enemies":"Gremlin Nob","floor":14,"turns":1},{"damage":14,"enemies":"Hexaghost","floor":16,"turns":7}],"seed_played":"4214811963722588839","potions_obtained":[{"floor":1,"key":"SpeedPotion"},{"floor":5,"key":"Regen Potion"}],"is_trial":false,"path_per_floor":["M","M","?","?","M","E","M","E","T","R","?","R","M","E","R","B"],"character_chosen":"WATCHER","items_purchased":[],"campfire_rested":0,"item_purchase_floors":[],"current_hp_per_floor":[61,61,61,41,41,19,18,23,37,37,37,37,29,29,29,15],"gold":399,"neow_bonus":"THREE_ENEMY_KILL","is_prod":false,"is_daily":false,"chose_seed":false,"campfire_upgraded":3,"win_rate":0,"timestamp":1649214699,"path_taken":["M","M","?","?","?","E","M","E","T","R","?","R","M","E","R","BOSS"],"build_version":"2022-03-07","purchased_purges":0,"victory":false,"max_hp_per_floor":[68,68,68,68,68,68,68,68,82,82,82,82,82,82,82,82],"card_choices":[{"not_picked":["Pray","Indignation"],"picked":"FollowUp","floor":1},{"not_picked":["Nirvana","Perseverance"],"picked":"FlurryOfBlows","floor":2},{"not_picked":["ClearTheMind","CutThroughFate"],"picked":"BowlingBash","floor":5},{"not_picked":["FollowUp","Prostrate"],"picked":"Halt","floor":6},{"not_picked":["WaveOfTheHand","Halt"],"picked":"CrushJoints","floor":7},{"not_picked":["Evaluate","Worship"],"picked":"Protect","floor":8},{"not_picked":["EmptyBody","SashWhip"],"picked":"Devotion","floor":13},{"not_picked":["Crescendo","PathToVictory"],"picked":"WheelKick","floor":14}],"player_experience":910986,"relics_obtained":[{"floor":6,"key":"Bag of Preparation"},{"floor":8,"key":"InkBottle"},{"floor":9,"key":"Mango"},{"floor":14,"key":"FossilizedHelix"}],"event_choices":[{"damage_healed":0,"gold_gain":150,"player_choice":"AGREE","damage_taken":0,"max_hp_gain":0,"max_hp_loss":0,"event_name":"Liars Game","floor":3,"gold_loss":0,"cards_obtained":["Doubt"]},{"damage_healed":0,"gold_gain":0,"player_choice":"Entered Light","damage_taken":20,"max_hp_gain":0,"max_hp_loss":0,"event_name":"Shining Light","floor":4,"gold_loss":0,"cards_upgraded":["Strike_P","FlurryOfBlows"]},{"cards_removed":["Doubt"],"damage_healed":0,"gold_gain":0,"player_choice":"Forget","damage_taken":0,"max_hp_gain":0,"max_hp_loss":0,"event_name":"Living Wall","floor":11,"gold_loss":0}],"is_beta":false,"boss_relics":[],"items_purged_floors":[],"is_endless":false,"potions_floor_spawned":[1,5,7],"killed_by":"Hexaghost","ascension_level":20}