{"gold_per_floor":[118,43,43,43,63,106,106,140,140,140,140,180,180,202,202,300,300,323,323],"floor_reached":19,"playtime":518,"items_purged":["Defend_P"],"score":416,"play_id":"eea2b72d-9855-4241-9e68-8d597b5eceb6","local_time":"20220410124506","is_ascension_mode":true,"campfire_choices":[{"data":"EmptyFist","floor":7,"key":"SMITH"},{"data":"BowlingBash","floor":11,"key":"SMITH"},{"data":"Vigilance","floor":13,"key":"SMITH"},{"data":"Wallop","floor":15,"key":"SMITH"}],"neow_cost":"NONE","seed_source_timestamp":546175604500300,"circlet_count":0,"master_deck":["AscendersBane","Strike_P","Strike_P+1","Strike_P+1","Defend_P","Defend_P","Defend_P","Eruption","Vigilance+1","BowlingBash+1","EmptyFist+1","CutThroughFate","BattleHymn","FlurryOfBlows","Wallop+1","Omniscience"],"relics":["PureWater","NeowsBlessing","Golden Idol","Ginger","Meat on the Bone","Blue Candle","CeramicFish","VioletLotus"],"potions_floor_usage":[12,19,19],"damage_taken":[{"damage":0,"enemies":"2 Louse","floor":1,"turns":2},{"damage":0,"enemies":"Small Slimes","floor":5,"turns":1},{"damage":0,"enemies":"Gremlin Nob","floor":6,"turns":1},{"damage":17,"enemies":"Lagavulin","floor":8,"turns":6},{"damage":3,"enemies":"Gremlin Nob","floor":12,"turns":3},{"damage":12,"enemies":"Jaw Worm","floor":14,"turns":2},{"damage":20,"enemies":"The Guardian","floor":16,"turns":9},{"damage":11,"enemies":"Spheric Guardian","floor":18,"turns":4},{"damage":42,"enemies":"Masked Bandits","floor":19,"turns":3}],"seed_played":"8577121978768882504","potions_obtained":[{"floor":5,"key":"BlessingOfTheForge"},{"floor":8,"key":"SneckoOil"},{"floor":16,"key":"Dexterity Potion"}],"is_trial":false,"path_per_floor":["M","$","?","?","M","E","R","E","T","?","R","E","R","M","R","B",null,"M","?"],"character_chosen":"WATCHER","items_purchased":[],"campfire_rested":0,"item_purchase_floors":[],"current_hp_per_floor":[61,61,61,42,42,42,42,25,25,25,25,34,34,34,34,26,53,42,0],"gold":323,"neow_bonus":"THREE_ENEMY_KILL","is_prod":false,"is_daily":false,"chose_seed":false,"campfire_upgraded":4,"win_rate":0,"timestamp":1649619906,"path_taken":["M","$","?","?","M","E","R","E","T","?","R","E","R","M","R","BOSS","M","?"],"build_version":"2022-03-07","purchased_purges":1,"victory":false,"max_hp_per_floor":[68,68,62,62,62,62,62,62,62,62,62,62,62,62,62,62,62,62,62],"card_choices":[{"not_picked":["FlyingSleeves","Weave"],"picked":"BowlingBash","floor":1},{"not_picked":["BowlingBash","FollowUp"],"picked":"EmptyFist","floor":5},{"not_picked":["JustLucky","ConjureBlade","Pray"],"picked":"SKIP","floor":6},{"not_picked":["Weave","Pray"],"picked":"CutThroughFate","floor":8},{"not_picked":["Nirvana","EmptyBody"],"picked":"FlurryOfBlows","floor":12},{"not_picked":["EmptyFist","JustLucky"],"picked":"Wallop","floor":14},{"not_picked":["Brilliance","ConjureBlade"],"picked":"Omniscience","floor":16},{"not_picked":["JustLucky","FollowUp+1","Prostrate+1"],"picked":"SKIP","floor":18}],"player_experience":928915,"relics_obtained":[{"floor":6,"key":"Ginger"},{"floor":8,"key":"Meat on the Bone"},{"floor":9,"key":"Blue Candle"},{"floor":12,"key":"CeramicFish"}],"event_choices":[{"damage_healed":0,"gold_gain":0,"player_choice":"Lose Max HP","damage_taken":0,"relics_obtained":["Golden Idol"],"max_hp_gain":0,"max_hp_loss":6,"event_name":"Golden Idol","floor":3,"gold_loss":0},{"damage_healed":0,"gold_gain":0,"player_choice":"Entered Light","damage_taken":19,"max_hp_gain":0,"max_hp_loss":0,"event_name":"Shining Light","floor":4,"gold_loss":0,"cards_upgraded":["Strike_P","Strike_P"]},{"damage_healed":0,"gold_gain":0,"cards_transformed":["Strike_P"],"player_choice":"Change","damage_taken":0,"max_hp_gain":0,"max_hp_loss":0,"event_name":"Living Wall","floor":10,"gold_loss":0,"cards_obtained":["BattleHymn"]},{"damage_healed":0,"gold_gain":0,"player_choice":"Fought Bandits","damage_taken":0,"max_hp_gain":0,"max_hp_loss":0,"event_name":"Masked Bandits","floor":19,"gold_loss":0}],"is_beta":false,"boss_relics":[{"not_picked":["Astrolabe","Pandora\u0027s Box"],"picked":"VioletLotus"}],"items_purged_floors":[2],"is_endless":false,"potions_floor_spawned":[5,8,16],"killed_by":"Masked Bandits","ascension_level":20}