{"gold_per_floor":[360,360,376,272,286,318,329,61,61,386,386,351,351,363,363,437,437,449,449,465,479,217,252,271,271,271,285,304,30,30],"floor_reached":30,"playtime":1531,"items_purged":["Strike_B","Strike_B","Zap"],"score":524,"play_id":"08af8a59-7176-42ca-b057-3f214d6f17a6","local_time":"20220406203514","is_ascension_mode":true,"campfire_choices":[{"data":"Defragment","floor":11,"key":"SMITH"},{"data":"Coolheaded","floor":15,"key":"SMITH"},{"floor":25,"key":"REST"}],"neow_cost":"TEN_PERCENT_HP_LOSS","seed_source_timestamp":227749009421500,"circlet_count":0,"master_deck":["AscendersBane","Strike_B+1","Strike_B+1","Defend_B+1","Defend_B+1","Defend_B+1","Defend_B+1","Dualcast","Doom and Gloom","Coolheaded+1","Ball Lightning","Ball Lightning","Chill","Defragment+1","Turbo","Seek","Self Repair","Fission","Loop"],"relics":["Cracked Core","NlothsMask","Omamori","Old Coin","Fusion Hammer","PreservedInsect","White Beast Statue","Mummified Hand"],"potions_floor_usage":[16,20,23,23,28,30],"damage_taken":[{"damage":1,"enemies":"Small Slimes","floor":1,"turns":3},{"damage":1,"enemies":"Cultist","floor":3,"turns":3},{"damage":8,"enemies":"2 Louse","floor":5,"turns":2},{"damage":19,"enemies":"3 Sentries","floor":6,"turns":6},{"damage":8,"enemies":"Blue Slaver","floor":7,"turns":4},{"damage":13,"enemies":"Lagavulin","floor":10,"turns":6},{"damage":4,"enemies":"Exordium Wildlife","floor":14,"turns":3},{"damage":14,"enemies":"Slime Boss","floor":16,"turns":6},{"damage":7,"enemies":"Shell Parasite","floor":18,"turns":4},{"damage":2,"enemies":"2 Thieves","floor":20,"turns":4},{"damage":7,"enemies":"Snecko","floor":21,"turns":4},{"damage":23,"enemies":"Slavers","floor":23,"turns":5},{"damage":4,"enemies":"3 Cultists","floor":24,"turns":6},{"damage":2,"enemies":"Centurion and Healer","floor":27,"turns":6},{"damage":8,"enemies":"Shelled Parasite and Fungi","floor":28,"turns":5},{"damage":56,"enemies":"Gremlin Leader","floor":30,"turns":5}],"seed_played":"7046376145894225686","potions_obtained":[{"floor":6,"key":"SneckoOil"},{"floor":10,"key":"Block Potion"},{"floor":23,"key":"Ancient Potion"},{"floor":27,"key":"SpeedPotion"},{"floor":28,"key":"Swift Potion"}],"is_trial":false,"path_per_floor":["M","?","M","$","M","E","M","$","T","E","R","?","?","M","R","B",null,"M","?","M","M","$","E","M","R","T","M","M","$","E"],"character_chosen":"DEFECT","items_purchased":["Ball Lightning","Regen Potion","Chill","LiquidBronze","Block Potion","Mummified Hand"],"campfire_rested":1,"item_purchase_floors":[4,8,8,22,22,29],"current_hp_per_floor":[63,63,62,62,54,35,27,27,27,14,14,30,30,26,26,27,55,48,48,46,39,39,16,19,38,38,43,42,42,0],"gold":30,"neow_bonus":"TWO_FIFTY_GOLD","is_prod":false,"is_daily":false,"chose_seed":false,"campfire_upgraded":2,"win_rate":0,"timestamp":1649302514,"path_taken":["M","?","?","$","M","E","M","$","T","E","R","?","?","M","R","BOSS","M","?","M","M","$","E","M","R","T","M","M","$","E"],"build_version":"2022-03-07","purchased_purges":3,"victory":false,"max_hp_per_floor":[64,64,64,64,64,64,64,64,64,64,64,64,64,64,64,64,64,64,64,64,64,64,64,64,64,64,64,64,64,64],"card_choices":[{"not_picked":["Coolheaded","Turbo"],"picked":"Doom and Gloom","floor":1},{"not_picked":["Beam Cell","Melter"],"picked":"Coolheaded","floor":3},{"not_picked":["Force Field","Gash","Redo"],"picked":"SKIP","floor":5},{"not_picked":["Streamline","Go for the Eyes"],"picked":"Ball Lightning","floor":6},{"not_picked":["Stack","Recycle","Darkness"],"picked":"SKIP","floor":7},{"not_picked":["Hologram","Beam Cell"],"picked":"Defragment","floor":10},{"not_picked":["Static Discharge","Hologram"],"picked":"Turbo","floor":14},{"not_picked":["Buffer","Thunder Strike"],"picked":"Seek","floor":16},{"not_picked":["Steam","Redo","Gash"],"picked":"SKIP","floor":18},{"not_picked":["Ball Lightning","Leap","Heatsinks"],"picked":"SKIP","floor":20},{"not_picked":["Hologram","Storm"],"picked":"Self Repair","floor":21},{"not_picked":["Compile Driver","Turbo"],"picked":"Fission","floor":23},{"not_picked":["Leap","Reinforced Body","Cold Snap"],"picked":"SKIP","floor":24},{"not_picked":["Reprogram","Barrage","Conserve Battery"],"picked":"SKIP","floor":27},{"not_picked":["Go for the Eyes","Gash"],"picked":"Loop","floor":28}],"player_experience":917595,"relics_obtained":[{"floor":6,"key":"Omamori"},{"floor":10,"key":"Old Coin"},{"floor":23,"key":"PreservedInsect"},{"floor":26,"key":"White Beast Statue"}],"event_choices":[{"damage_healed":0,"gold_gain":0,"player_choice":"Trade","damage_taken":0,"relics_obtained":["NlothsMask"],"max_hp_gain":0,"max_hp_loss":0,"event_name":"FaceTrader","floor":2,"gold_loss":0},{"damage_healed":16,"gold_gain":0,"player_choice":"Healed","damage_taken":0,"max_hp_gain":0,"max_hp_loss":0,"event_name":"The Cleric","floor":12,"gold_loss":35},{"damage_healed":0,"gold_gain":0,"player_choice":"Ignored","damage_taken":0,"max_hp_gain":0,"max_hp_loss":0,"event_name":"Liars Game","floor":13,"gold_loss":0},{"damage_healed":0,"gold_gain":0,"player_choice":"Simplicity","damage_taken":0,"max_hp_gain":0,"max_hp_loss":0,"event_name":"Back to Basics","floor":19,"gold_loss":0,"cards_upgraded":["Strike_B","Strike_B","Defend_B","Defend_B","Defend_B","Defend_B"]}],"is_beta":false,"boss_relics":[{"not_picked":["Pandora\u0027s Box","Velvet Choker"],"picked":"Fusion Hammer"}],"items_purged_floors":[4,8,22],"is_endless":false,"potions_floor_spawned":[6,10,14,23,27,28],"killed_by":"Gremlin Leader","ascension_level":20}