{"gold_per_floor":[361,436,23,23,34,34,59,76,76,87,117,117,147,162,162,239,239,254,254,344,361,147,147,164,194,276,292,292,303,353,378,378,454,454,470,470,155,175,175,175,205,219,290,290,316,331,365,365,365,365,365,365,365,41,74,74],"floor_reached":57,"playtime":4896,"items_purged":["Strike_B","Recycle","Gash","Cold Snap+1"],"score":3121,"play_id":"634bd4c8-e4d8-4641-9a27-c0a85289e469","local_time":"20220408231938","is_ascension_mode":true,"campfire_choices":[{"floor":6,"key":"REST"},{"data":"Go for the Eyes","floor":15,"key":"SMITH"},{"data":"Defragment","floor":28,"key":"SMITH"},{"data":"Capacitor","floor":32,"key":"SMITH"},{"data":"Seek","floor":40,"key":"SMITH"},{"floor":44,"key":"RECALL"},{"data":"Apotheosis","floor":49,"key":"SMITH"},{"data":"Coolheaded","floor":53,"key":"SMITH"}],"neow_cost":"PERCENT_DAMAGE","seed_source_timestamp":407040193600200,"circlet_count":0,"master_deck":["AscendersBane","Zap","Dualcast+1","Doom and Gloom+1","Go for the Eyes+1","Compile Driver","Glacier","Turbo+1","Biased Cognition","Conserve Battery","Loop","Seek+1","Compile Driver","Genetic Algorithm+1","Defragment+1","Ghostly","Ghostly","Ghostly","Turbo+1","Capacitor+1","Seek+1","Apotheosis+1","Glacier","Defragment+1","Coolheaded+1","Coolheaded+1","Defragment+1","Thinking Ahead","Coolheaded+1"],"relics":["Cracked Core","Membership Card","Mercury Hourglass","Incense Burner","Sundial","StoneCalendar","Blood Vial","Matryoshka","Pandora\u0027s Box","Runic Capacitor","Turnip","Lantern","Question Card","HornCleat","Coffee Dripper","TungstenRod","Orrery","War Paint","Whetstone","Ice Cream","Juzu Bracelet","Bag of Preparation","Sling","Ornamental Fan"],"potions_floor_usage":[11,11,31,56],"damage_taken":[{"damage":3,"enemies":"2 Louse","floor":1,"turns":3},{"damage":0,"enemies":"Cultist","floor":5,"turns":3},{"damage":15,"enemies":"Lagavulin","floor":7,"turns":5},{"damage":0,"enemies":"Small Slimes","floor":8,"turns":2},{"damage":8,"enemies":"Red Slaver","floor":10,"turns":3},{"damage":1,"enemies":"3 Sentries","floor":11,"turns":3},{"damage":2,"enemies":"Lagavulin","floor":13,"turns":7},{"damage":0,"enemies":"3 Louse","floor":14,"turns":2},{"damage":6,"enemies":"Hexaghost","floor":16,"turns":8},{"damage":8,"enemies":"Shell Parasite","floor":18,"turns":5},{"damage":13,"enemies":"3 Byrds","floor":21,"turns":4},{"damage":0,"enemies":"Cultist and Chosen","floor":24,"turns":7},{"damage":21,"enemies":"Gremlin Leader","floor":25,"turns":7},{"damage":0,"enemies":"Snake Plant","floor":27,"turns":4},{"damage":0,"enemies":"Centurion and Healer","floor":29,"turns":7},{"damage":0,"enemies":"Book of Stabbing","floor":31,"turns":5},{"damage":0,"enemies":"Collector","floor":33,"turns":11},{"damage":0,"enemies":"3 Shapes","floor":35,"turns":5},{"damage":0,"enemies":"3 Darklings","floor":38,"turns":5},{"damage":0,"enemies":"Reptomancer","floor":41,"turns":7},{"damage":0,"enemies":"Sphere and 2 Shapes","floor":42,"turns":5},{"damage":0,"enemies":"Giant Head","floor":45,"turns":8},{"damage":0,"enemies":"Maw","floor":46,"turns":6},{"damage":0,"enemies":"Reptomancer","floor":47,"turns":6},{"damage":7,"enemies":"Donu and Deca","floor":50,"turns":10},{"damage":5,"enemies":"Awakened One","floor":51,"turns":14},{"damage":0,"enemies":"Shield and Spear","floor":55,"turns":7},{"damage":14,"enemies":"The Heart","floor":56,"turns":13}],"seed_played":"-556731093622063067","potions_obtained":[{"floor":8,"key":"FocusPotion"},{"floor":14,"key":"CultistPotion"},{"floor":33,"key":"GamblersBrew"},{"floor":45,"key":"PowerPotion"}],"is_trial":false,"path_per_floor":["M","?","$","?","M","R","E","M","T","M","E","?","E","M","R","B",null,"M","?","?","M","$","?","M","E","T","M","R","M","?","E","R","B",null,"M","?","$","M","?","R","E","M","T","R","E","M","E","?","R","B","B",null,"R","$","E","B",null],"character_chosen":"DEFECT","items_purchased":["Membership Card","Mercury Hourglass","AttackPotion","SteroidPotion","Go for the Eyes","Defragment","Runic Capacitor","LiquidBronze","TungstenRod","Orrery","Bag of Preparation","Thinking Ahead","Sling"],"campfire_rested":1,"item_purchase_floors":[3,3,3,3,3,22,22,22,37,37,54,54,54],"current_hp_per_floor":[43,32,32,32,32,53,38,38,38,30,29,29,29,31,31,27,60,54,54,42,31,31,31,33,14,14,16,16,18,18,20,20,22,32,34,34,34,35,35,35,35,35,35,35,35,35,35,35,35,28,25,33,33,33,35,21],"gold":74,"neow_bonus":"TWO_FIFTY_GOLD","is_prod":false,"is_daily":false,"chose_seed":false,"campfire_upgraded":6,"win_rate":0,"timestamp":1649485178,"path_taken":["M","?","$","?","M","R","E","M","T","?","E","?","E","M","R","BOSS","M","?","?","?","?","?","M","E","T","M","R","M","?","E","R","BOSS","M","?","$","M","?","R","E","?","T","R","E","M","E","?","R","BOSS","BOSS","R","$","E","BOSS"],"build_version":"2022-03-07","purchased_purges":4,"victory":true,"max_hp_per_floor":[71,71,71,71,71,71,71,71,71,71,71,71,71,71,71,71,71,71,71,71,71,71,35,35,35,35,35,35,35,35,35,35,35,35,35,35,35,35,35,35,35,35,35,35,35,35,35,35,35,35,35,35,35,35,35,35],"card_choices":[{"not_picked":["Streamline","Leap"],"picked":"Doom and Gloom","floor":1},{"not_picked":["Redo","Tempest"],"picked":"Compile Driver","floor":5},{"not_picked":["Force Field","Stack","Tempest"],"picked":"SKIP","floor":7},{"not_picked":["Gash","Stack"],"picked":"Glacier","floor":8},{"not_picked":["Stack","All For One"],"picked":"Static Discharge","floor":10},{"not_picked":["Beam Cell","All For One"],"picked":"Cold Snap","floor":11},{"not_picked":["Go for the Eyes","Genetic Algorithm"],"picked":"Turbo","floor":13},{"not_picked":["Rebound","Doom and Gloom","Go for the Eyes"],"picked":"SKIP","floor":14},{"not_picked":["Multi-Cast","Creative AI"],"picked":"Biased Cognition","floor":16},{"not_picked":["Redo","Stack"],"picked":"Genetic Algorithm+1","floor":18},{"not_picked":["Chaos","Turbo","Scrape"],"picked":"SKIP","floor":21},{"not_picked":["Rebound","Cold Snap+1","Redo"],"picked":"SKIP","floor":24},{"not_picked":["Consume+1","Stack","Scrape"],"picked":"SKIP","floor":25},{"not_picked":["Hello World","Coolheaded","Chill"],"picked":"Turbo+1","floor":27},{"not_picked":["Cold Snap+1","Ball Lightning","Force Field","Steam+1"],"picked":"SKIP","floor":29},{"not_picked":["Undo","Electrodynamics","Beam Cell"],"picked":"Capacitor","floor":31},{"not_picked":["Electrodynamics","Meteor Strike","Fission"],"picked":"Seek","floor":33},{"not_picked":["Turbo+1","Consume","Fusion","Stack"],"picked":"SKIP","floor":35},{"not_picked":["Discovery","Impatience","Enlightenment"],"picked":"Apotheosis","floor":36},{"not_picked":["Double Energy","Steam Power","Sweeping Beam"],"picked":"Glacier","floor":37},{"not_picked":["Coolheaded+1","Conserve Battery+1","Heatsinks+1"],"picked":"Defragment+1","floor":37},{"not_picked":["Barrage","Redo","Gash+1"],"picked":"Coolheaded","floor":37},{"not_picked":["Aggregate+1","Creative AI","Streamline"],"picked":"Coolheaded+1","floor":37},{"not_picked":["Blizzard+1","Steam","Meteor Strike","Streamline"],"picked":"SKIP","floor":38},{"not_picked":["Capacitor","Gash","Beam Cell","Cold Snap"],"picked":"SKIP","floor":41},{"not_picked":["Compile Driver+1","White Noise+1","Gash"],"picked":"Defragment+1","floor":42},{"not_picked":["Meteor Strike","Barrage+1","Multi-Cast","FTL"],"picked":"SKIP","floor":45},{"not_picked":["Conserve Battery","Gash","Steam","Steam Power"],"picked":"SKIP","floor":46},{"not_picked":["BootSequence","Sunder","Melter","Go for the Eyes+1"],"picked":"SKIP","floor":47},{"not_picked":["Steam","Redo","Hello World"],"picked":"Coolheaded+1","floor":55}],"player_experience":923845,"relics_obtained":[{"floor":7,"key":"Incense Burner"},{"floor":9,"key":"Sundial"},{"floor":11,"key":"StoneCalendar"},{"floor":13,"key":"Matryoshka"},{"floor":25,"key":"Turnip"},{"floor":26,"key":"Lantern"},{"floor":26,"key":"Question Card"},{"floor":31,"key":"HornCleat"},{"floor":41,"key":"War Paint"},{"floor":43,"key":"Whetstone"},{"floor":45,"key":"Ice Cream"},{"floor":47,"key":"Juzu Bracelet"},{"floor":55,"key":"Ornamental Fan"}],"event_choices":[{"damage_healed":0,"gold_gain":75,"player_choice":"Gather Gold","damage_taken":11,"max_hp_gain":0,"max_hp_loss":0,"event_name":"World of Goop","floor":2,"gold_loss":0},{"cards_removed":["Defend_B"],"damage_healed":0,"gold_gain":0,"player_choice":"Offered Basic","damage_taken":0,"max_hp_gain":0,"max_hp_loss":0,"event_name":"Bonfire Elementals","floor":4,"gold_loss":0},{"cards_removed":["Static Discharge"],"damage_healed":0,"gold_gain":0,"player_choice":"Gave Card","damage_taken":0,"relics_obtained":["Blood Vial"],"max_hp_gain":0,"max_hp_loss":0,"event_name":"WeMeetAgain","floor":12,"gold_loss":0},{"damage_healed":0,"gold_gain":90,"player_choice":"GOLD ","damage_taken":12,"max_hp_gain":0,"max_hp_loss":0,"event_name":"Knowing Skull","floor":20,"potions_obtained":[],"gold_loss":0,"cards_obtained":[]},{"damage_healed":0,"gold_gain":0,"player_choice":"Became a Ghost","damage_taken":0,"max_hp_gain":0,"max_hp_loss":36,"event_name":"Ghosts","floor":23,"gold_loss":0,"cards_obtained":["Ghostly","Ghostly","Ghostly"]},{"damage_healed":0,"gold_gain":50,"player_choice":"Stole From Cult","damage_taken":0,"max_hp_gain":0,"max_hp_loss":0,"event_name":"Nest","floor":30,"gold_loss":0},{"damage_healed":0,"gold_gain":0,"player_choice":"Memory 1","damage_taken":0,"max_hp_gain":0,"max_hp_loss":0,"event_name":"SensoryStone","floor":36,"gold_loss":0},{"damage_healed":0,"gold_gain":0,"player_choice":"Upgraded","damage_taken":0,"max_hp_gain":0,"max_hp_loss":0,"event_name":"Upgrade Shrine","floor":39,"gold_loss":0,"cards_upgraded":["Seek"]},{"damage_healed":0,"gold_gain":0,"player_choice":"Ignored","damage_taken":0,"max_hp_gain":0,"max_hp_loss":0,"event_name":"Tomb of Lord Red Mask","floor":48,"gold_loss":0}],"is_beta":false,"boss_relics":[{"not_picked":["Calling Bell","FrozenCore"],"picked":"Pandora\u0027s Box"},{"not_picked":["SacredBark","Velvet Choker"],"picked":"Coffee Dripper"}],"items_purged_floors":[3,22,37,54],"is_endless":false,"potions_floor_spawned":[5,7,8,14,27,29,33,41,45,46],"ascension_level":20}