{"gold_per_floor":[13,13,26,26,44,44,75,108,108,33,51,91,111,150,150,241,241,259,278,278,293,314,314,347,347,347,622,640,116,116,139,139,139],"floor_reached":33,"playtime":1551,"items_purged":["Strike_R","Regret"],"score":624,"play_id":"603aa026-fb94-40b5-b1dd-8da27b482ccd","local_time":"20220405134952","is_ascension_mode":true,"campfire_choices":[{"data":"Armaments","floor":6,"key":"SMITH"},{"data":"Demon Form","floor":15,"key":"SMITH"},{"data":"Bash","floor":23,"key":"SMITH"},{"data":"True Grit","floor":25,"key":"SMITH"},{"data":"Feel No Pain","floor":30,"key":"SMITH"},{"data":"Feel No Pain","floor":32,"key":"SMITH"}],"neow_cost":"NO_GOLD","seed_source_timestamp":117002415284800,"circlet_count":0,"master_deck":["AscendersBane","Strike_R","Strike_R+1","Defend_R+1","Defend_R","Defend_R","Defend_R","Bash+1","Pummel","Demon Form+1","Armaments+1","Anger","Bloodletting","Battle Trance","Immolate","Dark Embrace","Iron Wave","True Grit+1","Battle Trance","Decay","Flame Barrier","Feel No Pain+1","Feel No Pain+1","Ghostly Armor+1"],"relics":["Burning Blood","Golden Idol","Darkstone Periapt","Odd Mushroom","Meat on the Bone","Dream Catcher","Orichalcum","Velvet Choker","Toy Ornithopter","Centennial Puzzle","DollysMirror","PreservedInsect"],"potions_floor_usage":[14,16,19,24,28],"damage_taken":[{"damage":3,"enemies":"2 Louse","floor":1,"turns":3},{"damage":0,"enemies":"Small Slimes","floor":3,"turns":6},{"damage":1,"enemies":"Cultist","floor":5,"turns":3},{"damage":3,"enemies":"Lagavulin","floor":7,"turns":5},{"damage":23,"enemies":"The Mushroom Lair","floor":8,"turns":5},{"damage":3,"enemies":"Exordium Wildlife","floor":11,"turns":4},{"damage":25,"enemies":"3 Sentries","floor":12,"turns":4},{"damage":15,"enemies":"Lots of Slimes","floor":13,"turns":3},{"damage":41,"enemies":"Gremlin Nob","floor":14,"turns":5},{"damage":18,"enemies":"The Guardian","floor":16,"turns":8},{"damage":5,"enemies":"Chosen","floor":18,"turns":7},{"damage":18,"enemies":"Spheric Guardian","floor":19,"turns":5},{"damage":17,"enemies":"Centurion and Healer","floor":21,"turns":4},{"damage":15,"enemies":"Cultist and Chosen","floor":22,"turns":5},{"damage":34,"enemies":"Slavers","floor":24,"turns":4},{"damage":27,"enemies":"Snecko","floor":28,"turns":6},{"damage":5,"enemies":"3 Cultists","floor":31,"turns":4},{"damage":48,"enemies":"Collector","floor":33,"turns":7}],"seed_played":"5935562214731605340","potions_obtained":[{"floor":5,"key":"SmokeBomb"},{"floor":8,"key":"SpeedPotion"},{"floor":12,"key":"BloodPotion"},{"floor":14,"key":"Regen Potion"},{"floor":16,"key":"SpeedPotion"},{"floor":22,"key":"AttackPotion"},{"floor":24,"key":"PowerPotion"}],"is_trial":false,"path_per_floor":["M","?","M","?","M","R","E","?","T","$","M","E","M","E","R","B",null,"M","M","?","M","M","R","E","R","T","?","M","$","R","M","R","B"],"character_chosen":"IRONCLAD","items_purchased":["Feel No Pain","DollysMirror","PreservedInsect"],"campfire_rested":0,"item_purchase_floors":[29,29,29],"current_hp_per_floor":[71,68,68,48,53,53,56,39,39,39,42,35,38,28,28,43,62,63,51,57,46,49,49,33,33,33,39,35,35,35,48,48,0],"gold":139,"neow_bonus":"TRANSFORM_TWO_CARDS","is_prod":false,"is_daily":false,"chose_seed":false,"campfire_upgraded":6,"win_rate":0,"timestamp":1649191792,"path_taken":["M","?","M","?","M","R","E","?","T","$","M","E","M","E","R","BOSS","M","M","?","M","?","R","E","R","T","?","M","$","R","?","R","BOSS"],"build_version":"2022-03-07","purchased_purges":2,"victory":false,"max_hp_per_floor":[75,68,68,68,68,68,68,68,68,68,68,68,68,68,68,68,68,68,68,74,74,74,74,74,74,74,80,80,80,80,80,80,80],"card_choices":[{"not_picked":["Headbutt","Uppercut"],"picked":"Armaments","floor":1},{"not_picked":["Clothesline","Shrug It Off"],"picked":"Anger","floor":3},{"not_picked":["Ghostly Armor","Headbutt"],"picked":"Bloodletting","floor":5},{"not_picked":["Second Wind","Havoc","Wild Strike"],"picked":"SKIP","floor":7},{"not_picked":["Thunderclap","Spot Weakness"],"picked":"Battle Trance","floor":8},{"not_picked":["Shrug It Off","Inflame"],"picked":"Immolate","floor":11},{"not_picked":["True Grit","Anger"],"picked":"Dark Embrace","floor":12},{"not_picked":["Wild Strike","Warcry"],"picked":"Iron Wave","floor":13},{"not_picked":["Flex","Entrench"],"picked":"True Grit","floor":14},{"not_picked":["Rupture","Flex"],"picked":"Battle Trance","floor":18},{"not_picked":["Dark Embrace","Sword Boomerang","Reckless Charge"],"picked":"SKIP","floor":19},{"not_picked":["Iron Wave","Warcry+1","Battle Trance"],"picked":"SKIP","floor":21},{"not_picked":["Carnage","Anger","Body Slam"],"picked":"SKIP","floor":22},{"not_picked":["Twin Strike","Iron Wave"],"picked":"Flame Barrier","floor":24},{"not_picked":["Blood for Blood","Inflame","Body Slam"],"picked":"SKIP","floor":28},{"not_picked":["Warcry","Clothesline"],"picked":"Ghostly Armor+1","floor":31}],"player_experience":905476,"relics_obtained":[{"floor":7,"key":"Darkstone Periapt"},{"floor":8,"key":"Odd Mushroom"},{"floor":9,"key":"Meat on the Bone"},{"floor":12,"key":"Dream Catcher"},{"floor":14,"key":"Orichalcum"},{"floor":24,"key":"Toy Ornithopter"},{"floor":26,"key":"Centennial Puzzle"}],"event_choices":[{"damage_healed":0,"gold_gain":0,"player_choice":"Lose Max HP","damage_taken":0,"relics_obtained":["Golden Idol"],"max_hp_gain":0,"max_hp_loss":7,"event_name":"Golden Idol","floor":2,"gold_loss":0},{"damage_healed":0,"gold_gain":0,"player_choice":"Entered Light","damage_taken":20,"max_hp_gain":0,"max_hp_loss":0,"event_name":"Shining Light","floor":4,"gold_loss":0,"cards_upgraded":["Defend_R","Strike_R"]},{"damage_healed":0,"gold_gain":0,"player_choice":"Fought Mushrooms","damage_taken":0,"max_hp_gain":0,"max_hp_loss":0,"event_name":"Mushrooms","floor":8,"gold_loss":0},{"damage_healed":0,"gold_gain":0,"player_choice":"Cursed","damage_taken":0,"max_hp_gain":0,"max_hp_loss":0,"event_name":"Wheel of Change","floor":20,"gold_loss":0,"cards_obtained":["Decay"]},{"damage_healed":0,"gold_gain":275,"player_choice":"Desecrate","damage_taken":0,"max_hp_gain":0,"max_hp_loss":0,"event_name":"Golden Shrine","floor":27,"gold_loss":0,"cards_obtained":["Regret"]}],"is_beta":false,"boss_relics":[{"not_picked":["SlaversCollar","Pandora\u0027s Box"],"picked":"Velvet Choker"}],"items_purged_floors":[10,29],"is_endless":false,"potions_floor_spawned":[5,8,12,14,16,22,24],"killed_by":"Collector","ascension_level":20}