{"gold_per_floor":[110,126,139,139,139,171,143,143,168,168,203,223,223,236,236,313,313,327,339,264,214,214,214,214,248,248,248,248,260,260],"floor_reached":30,"playtime":1297,"items_purged":["Clash"],"score":516,"play_id":"b18c3a3d-e521-4dc3-9f22-dc6d78632a8c","local_time":"20220405113023","is_ascension_mode":true,"campfire_choices":[{"data":"Bludgeon","floor":8,"key":"SMITH"},{"data":"Bash","floor":13,"key":"SMITH"},{"data":"Anger","floor":15,"key":"SMITH"},{"data":"Berserk","floor":23,"key":"SMITH"},{"floor":27,"key":"REST"}],"neow_cost":"NONE","seed_source_timestamp":108888326145400,"circlet_count":0,"master_deck":["AscendersBane","Bash+1","Bludgeon+1","Headbutt","Reaper","Anger+1","Metallicize","Flame Barrier","True Grit","Berserk+1","Intimidate","Dark Embrace","Shrug It Off","Disarm","Dual Wield","Shockwave","Double Tap","Power Through"],"relics":["Burning Blood","Smiling Mask","Tiny Chest","Pandora\u0027s Box","Blue Candle","PreservedInsect","The Courier"],"potions_floor_usage":[6,11,16,18,19,25],"damage_taken":[{"damage":7,"enemies":"Jaw Worm","floor":1,"turns":2},{"damage":3,"enemies":"Small Slimes","floor":2,"turns":2},{"damage":3,"enemies":"2 Louse","floor":3,"turns":3},{"damage":15,"enemies":"Lagavulin","floor":6,"turns":4},{"damage":8,"enemies":"Exordium Thugs","floor":7,"turns":4},{"damage":24,"enemies":"Gremlin Nob","floor":11,"turns":4},{"damage":23,"enemies":"2 Fungi Beasts","floor":12,"turns":5},{"damage":14,"enemies":"Red Slaver","floor":14,"turns":3},{"damage":20,"enemies":"Slime Boss","floor":16,"turns":7},{"damage":26,"enemies":"3 Byrds","floor":18,"turns":6},{"damage":9,"enemies":"Chosen","floor":19,"turns":5},{"damage":44,"enemies":"Book of Stabbing","floor":25,"turns":5},{"damage":19,"enemies":"Snake Plant","floor":29,"turns":4},{"damage":3,"enemies":"Gremlin Leader","floor":30,"turns":2}],"seed_played":"2537850542329117652","potions_obtained":[{"floor":3,"key":"DuplicationPotion"},{"floor":6,"key":"Weak Potion"},{"floor":11,"key":"EntropicBrew"},{"floor":12,"key":"AttackPotion"},{"floor":16,"key":"DistilledChaos"}],"is_trial":false,"path_per_floor":["M","M","M","?","?","E","M","R","T","?","E","M","R","M","R","B",null,"M","M","?","$","?","R","T","E","T","R","?","M","E"],"character_chosen":"IRONCLAD","items_purchased":[],"campfire_rested":1,"item_purchase_floors":[],"current_hp_per_floor":[67,70,73,73,78,69,71,71,71,64,50,41,41,37,37,23,66,46,47,47,47,47,47,47,9,9,33,33,20,17],"gold":260,"neow_bonus":"ONE_RANDOM_RARE_CARD","is_prod":false,"is_daily":false,"chose_seed":false,"campfire_upgraded":4,"win_rate":0,"timestamp":1649183423,"path_taken":["M","M","M","?","?","E","M","R","T","?","E","?","R","M","R","BOSS","M","M","?","$","?","R","?","E","T","R","?","?","E"],"build_version":"2022-03-07","purchased_purges":1,"victory":false,"max_hp_per_floor":[75,75,75,75,80,80,80,80,80,80,80,80,80,80,80,80,80,80,80,80,80,80,80,80,80,80,80,80,80,80],"card_choices":[{"not_picked":["Sentinel","Thunderclap"],"picked":"Headbutt","floor":1},{"not_picked":["Warcry","Sword Boomerang","Clothesline"],"picked":"SKIP","floor":2},{"not_picked":["Second Wind","Reckless Charge"],"picked":"Reaper","floor":3},{"not_picked":["Twin Strike","Clash"],"picked":"Anger","floor":6},{"not_picked":["Body Slam","Headbutt"],"picked":"Metallicize","floor":7},{"not_picked":["Havoc","Rage"],"picked":"Flame Barrier","floor":11},{"not_picked":["Heavy Blade","Twin Strike","Warcry"],"picked":"SKIP","floor":12},{"not_picked":["Heavy Blade","Twin Strike","Warcry"],"picked":"SKIP","floor":12},{"not_picked":["Cleave","Rupture"],"picked":"True Grit","floor":14},{"not_picked":["Reaper","Barricade"],"picked":"Berserk","floor":16},{"not_picked":["Headbutt","Armaments","Flex"],"picked":"SKIP","floor":18},{"not_picked":["Dropkick","Thunderclap","Twin Strike+1"],"picked":"SKIP","floor":19},{"not_picked":["Whirlwind","Iron Wave"],"picked":"Power Through","floor":25},{"not_picked":["Flex","True Grit","Clothesline"],"picked":"SKIP","floor":29}],"player_experience":904179,"relics_obtained":[{"floor":6,"key":"Smiling Mask"},{"floor":11,"key":"Tiny Chest"},{"floor":24,"key":"Blue Candle"},{"floor":25,"key":"PreservedInsect"},{"floor":26,"key":"The Courier"}],"event_choices":[{"damage_healed":0,"gold_gain":0,"player_choice":"Ignored","damage_taken":0,"max_hp_gain":0,"max_hp_loss":0,"event_name":"Liars Game","floor":4,"gold_loss":0},{"damage_healed":0,"gold_gain":0,"player_choice":"Donut","damage_taken":0,"max_hp_gain":5,"max_hp_loss":0,"event_name":"Big Fish","floor":5,"gold_loss":0},{"cards_removed":["Strike_R"],"damage_healed":0,"gold_gain":0,"player_choice":"Card Removal","damage_taken":7,"max_hp_gain":0,"max_hp_loss":0,"event_name":"Golden Wing","floor":10,"gold_loss":0},{"cards_removed":["Perfected Strike"],"damage_healed":0,"gold_gain":0,"player_choice":"Gave Gold","damage_taken":0,"max_hp_gain":0,"max_hp_loss":0,"event_name":"Beggar","floor":20,"gold_loss":75},{"damage_healed":0,"gold_gain":0,"player_choice":"Read","damage_taken":0,"max_hp_gain":0,"max_hp_loss":0,"event_name":"The Library","floor":22,"gold_loss":0,"cards_obtained":["Double Tap"]},{"damage_healed":0,"gold_gain":0,"player_choice":"Ignored","damage_taken":0,"max_hp_gain":0,"max_hp_loss":0,"event_name":"Vampires","floor":28,"gold_loss":0}],"is_beta":false,"boss_relics":[{"not_picked":["Tiny House","Sozu"],"picked":"Pandora\u0027s Box"}],"items_purged_floors":[21],"is_endless":false,"potions_floor_spawned":[3,6,11,12,16],"killed_by":"Gremlin Leader","ascension_level":20}