{"gold_per_floor":[118,129,147,165,185,216,216,245,245,263,282,312,324,349,349,423,423,433,444,456,381,306,306,337,337,637,657,657,685,212,232,232,309,309,319,344,358,370,370,403,403,423,446,446,474,474,486,516,516,516,516,516,516,98,131,131],"floor_reached":57,"playtime":3376,"items_purged":["Defend_P","Defend_P","Strike_P"],"score":3232,"play_id":"fcffe8e1-2060-4ead-a7ef-e4ea4fc2ffd6","local_time":"20220405001824","is_ascension_mode":true,"campfire_choices":[{"data":"Eruption","floor":7,"key":"SMITH"},{"data":"MentalFortress","floor":15,"key":"SMITH"},{"data":"Scrawl","floor":23,"key":"SMITH"},{"data":"Scrawl","floor":28,"key":"SMITH"},{"data":"Tantrum","floor":32,"key":"SMITH"},{"floor":41,"key":"RECALL"},{"data":"MentalFortress","floor":44,"key":"SMITH"},{"data":"EmptyMind","floor":49,"key":"SMITH"},{"data":"Vault","floor":53,"key":"SMITH"}],"neow_cost":"NONE","seed_source_timestamp":66467726468199,"circlet_count":0,"master_deck":["AscendersBane","Strike_P","Defend_P","Eruption+1","Vigilance","ThirdEye","CutThroughFate","InnerPeace","Wallop","Scrawl+1","BowlingBash","EmptyMind+1","Consecrate","FollowUp","MentalFortress+1","Scrawl+1","Crescendo+1","Tantrum+1","EmptyFist","Halt","Flash of Steel","FearNoEvil","Weave+1","Weave+1","JustLucky+1","DeceiveReality","MentalFortress+1","Decay","Vault+1","EmptyMind","DeceiveReality","Halt"],"relics":["PureWater","Sundial","Vajra","Kunai","Matryoshka","Gremlin Horn","Black Star","StoneCalendar","Anchor","Bottled Flame","Old Coin","HornCleat","Blood Vial","InkBottle","Cursed Key","Thread and Needle","Akabeko","Darkstone Periapt","Bag of Marbles","Letter Opener","The Courier","Torii","Shuriken","Ornamental Fan","Pantograph","Toy Ornithopter"],"potions_floor_usage":[6,16,16,29,31,56,56],"damage_taken":[{"damage":0,"enemies":"Jaw Worm","floor":1,"turns":4},{"damage":0,"enemies":"2 Louse","floor":2,"turns":3},{"damage":0,"enemies":"Cultist","floor":3,"turns":3},{"damage":1,"enemies":"2 Fungi Beasts","floor":4,"turns":4},{"damage":6,"enemies":"Blue Slaver","floor":5,"turns":6},{"damage":5,"enemies":"Lagavulin","floor":6,"turns":5},{"damage":0,"enemies":"Gremlin Nob","floor":8,"turns":3},{"damage":12,"enemies":"Lots of Slimes","floor":10,"turns":4},{"damage":0,"enemies":"2 Fungi Beasts","floor":11,"turns":2},{"damage":1,"enemies":"3 Sentries","floor":12,"turns":3},{"damage":0,"enemies":"Blue Slaver","floor":13,"turns":2},{"damage":10,"enemies":"Lagavulin","floor":14,"turns":7},{"damage":10,"enemies":"Hexaghost","floor":16,"turns":7},{"damage":11,"enemies":"2 Thieves","floor":18,"turns":3},{"damage":0,"enemies":"Chosen","floor":19,"turns":3},{"damage":0,"enemies":"Sentry and Sphere","floor":20,"turns":5},{"damage":1,"enemies":"Gremlin Leader","floor":24,"turns":4},{"damage":0,"enemies":"Chosen and Byrds","floor":27,"turns":4},{"damage":6,"enemies":"Book of Stabbing","floor":29,"turns":3},{"damage":0,"enemies":"Shelled Parasite and Fungi","floor":31,"turns":2},{"damage":21,"enemies":"Champ","floor":33,"turns":11},{"damage":0,"enemies":"3 Darklings","floor":35,"turns":2},{"damage":12,"enemies":"Mind Bloom Boss Battle","floor":36,"turns":6},{"damage":0,"enemies":"3 Shapes","floor":37,"turns":3},{"damage":0,"enemies":"Jaw Worm Horde","floor":38,"turns":1},{"damage":0,"enemies":"Nemesis","floor":40,"turns":5},{"damage":0,"enemies":"Writhing Mass","floor":42,"turns":4},{"damage":0,"enemies":"Reptomancer","floor":45,"turns":3},{"damage":0,"enemies":"3 Darklings","floor":47,"turns":2},{"damage":0,"enemies":"Nemesis","floor":48,"turns":4},{"damage":0,"enemies":"Awakened One","floor":50,"turns":6},{"damage":0,"enemies":"Donu and Deca","floor":51,"turns":4},{"damage":31,"enemies":"Shield and Spear","floor":55,"turns":3},{"damage":45,"enemies":"The Heart","floor":56,"turns":9}],"seed_played":"-5449516236575728595","potions_obtained":[{"floor":2,"key":"Weak Potion"},{"floor":4,"key":"StancePotion"},{"floor":5,"key":"StancePotion"},{"floor":10,"key":"Dexterity Potion"},{"floor":13,"key":"FearPotion"},{"floor":16,"key":"FairyPotion"},{"floor":18,"key":"Strength Potion"},{"floor":29,"key":"AttackPotion"},{"floor":36,"key":"DuplicationPotion"}],"is_trial":false,"path_per_floor":["M","M","M","M","M","E","R","E","T","M","M","E","M","E","R","B",null,"M","M","M","?","$","R","E","?","T","M","R","E","$","M","R","B",null,"M","?","M","M","?","E","R","M","T","R","E","T","M","E","R","B","B",null,"R","$","E","B",null],"character_chosen":"WATCHER","items_purchased":["Flash of Steel","InkBottle","Halt","Ornamental Fan","LiquidBronze"],"campfire_rested":0,"item_purchase_floors":[30,30,54,54,54],"current_hp_per_floor":[61,61,61,60,54,49,49,49,49,37,37,36,36,26,26,16,55,44,44,44,44,44,44,43,43,43,43,43,37,37,39,39,20,56,58,48,50,52,52,54,54,56,62,62,64,64,66,68,68,70,72,74,74,74,43,29],"gold":131,"neow_bonus":"TRANSFORM_CARD","is_prod":false,"is_daily":false,"chose_seed":false,"campfire_upgraded":8,"win_rate":0,"timestamp":1649143104,"path_taken":["M","M","M","M","M","E","R","E","T","M","M","E","M","E","R","BOSS","M","M","M","?","$","R","E","?","T","M","R","E","$","M","R","BOSS","M","?","M","M","?","E","R","M","T","R","E","?","M","E","R","BOSS","BOSS","R","$","E","BOSS"],"build_version":"2022-03-07","purchased_purges":3,"victory":true,"max_hp_per_floor":[68,68,68,68,68,68,68,68,68,68,68,68,68,68,68,68,68,68,68,68,68,68,68,68,68,68,68,68,68,68,68,68,68,68,68,68,68,68,68,68,68,68,74,74,74,74,74,74,74,74,74,74,74,74,74,74],"card_choices":[{"not_picked":["EmptyBody","Evaluate"],"picked":"CutThroughFate","floor":1},{"not_picked":["SashWhip","SandsOfTime"],"picked":"InnerPeace","floor":2},{"not_picked":["Crescendo","BowlingBash"],"picked":"Wallop","floor":3},{"not_picked":["PathToVictory","FollowUp"],"picked":"Scrawl","floor":4},{"not_picked":["WaveOfTheHand","ThirdEye"],"picked":"BowlingBash","floor":5},{"not_picked":["WaveOfTheHand","CrushJoints","Weave"],"picked":"SKIP","floor":6},{"not_picked":["PathToVictory","Study"],"picked":"EmptyMind","floor":8},{"not_picked":["Study","CutThroughFate"],"picked":"Consecrate","floor":10},{"not_picked":["Prostrate","PathToVictory"],"picked":"FollowUp","floor":11},{"not_picked":["Scrawl","ReachHeaven"],"picked":"MentalFortress","floor":12},{"not_picked":["EmptyBody","WheelKick","Swivel"],"picked":"SKIP","floor":13},{"not_picked":["Consecrate","WaveOfTheHand","FollowUp"],"picked":"SKIP","floor":14},{"not_picked":["SpiritShield","Alpha"],"picked":"Scrawl","floor":16},{"not_picked":["FollowUp","CrushJoints"],"picked":"Crescendo+1","floor":18},{"not_picked":["JustLucky","Prostrate"],"picked":"Tantrum","floor":19},{"not_picked":["Vengeance","Swivel"],"picked":"EmptyFist","floor":20},{"not_picked":["Judgement","BattleHymn","Nirvana"],"picked":"SKIP","floor":24},{"not_picked":["JustLucky","Evaluate+1"],"picked":"Halt","floor":27},{"not_picked":["Protect","Nirvana","BowlingBash"],"picked":"SKIP","floor":29},{"not_picked":["Protect","Consecrate+1","Nirvana+1"],"picked":"SKIP","floor":31},{"not_picked":["Halt","Indignation"],"picked":"FearNoEvil","floor":35},{"not_picked":["ThirdEye+1","Sanctity"],"picked":"Weave+1","floor":36},{"not_picked":["Worship+1","Consecrate"],"picked":"Weave+1","floor":37},{"not_picked":["SignatureMove","SandsOfTime"],"picked":"JustLucky+1","floor":38},{"not_picked":["Weave","Evaluate+1"],"picked":"DeceiveReality","floor":40},{"not_picked":["EmptyMind+1","FlyingSleeves"],"picked":"MentalFortress","floor":42},{"not_picked":["CrushJoints","Worship"],"picked":"Vault","floor":45},{"not_picked":["JustLucky","BowlingBash+1"],"picked":"EmptyMind","floor":47},{"not_picked":["EmptyFist+1","Judgement"],"picked":"DeceiveReality","floor":48},{"not_picked":["FollowUp","BowlingBash","SashWhip"],"picked":"SKIP","floor":55}],"player_experience":900803,"relics_obtained":[{"floor":6,"key":"Sundial"},{"floor":8,"key":"Vajra"},{"floor":9,"key":"Kunai"},{"floor":12,"key":"Matryoshka"},{"floor":14,"key":"Gremlin Horn"},{"floor":24,"key":"StoneCalendar"},{"floor":24,"key":"Anchor"},{"floor":26,"key":"Bottled Flame"},{"floor":26,"key":"Old Coin"},{"floor":29,"key":"HornCleat"},{"floor":29,"key":"Blood Vial"},{"floor":36,"key":"Thread and Needle"},{"floor":40,"key":"Akabeko"},{"floor":40,"key":"Darkstone Periapt"},{"floor":43,"key":"Bag of Marbles"},{"floor":45,"key":"Letter Opener"},{"floor":45,"key":"The Courier"},{"floor":48,"key":"Torii"},{"floor":48,"key":"Shuriken"},{"floor":55,"key":"Pantograph"},{"floor":55,"key":"Toy Ornithopter"}],"event_choices":[{"cards_removed":["Strike_P"],"damage_healed":0,"gold_gain":0,"player_choice":"Gave Gold","damage_taken":0,"max_hp_gain":0,"max_hp_loss":0,"event_name":"Beggar","floor":21,"gold_loss":75},{"cards_removed":["Strike_P"],"damage_healed":0,"gold_gain":0,"player_choice":"Purged","damage_taken":0,"max_hp_gain":0,"max_hp_loss":0,"event_name":"Purifier","floor":25,"gold_loss":0},{"damage_healed":0,"gold_gain":0,"player_choice":"Fight","damage_taken":0,"max_hp_gain":0,"max_hp_loss":0,"event_name":"MindBloom","floor":36,"gold_loss":0},{"damage_healed":0,"gold_gain":0,"player_choice":"Ignored","damage_taken":0,"max_hp_gain":0,"max_hp_loss":0,"event_name":"Tomb of Lord Red Mask","floor":39,"gold_loss":0}],"is_beta":false,"boss_relics":[{"not_picked":["Snecko Eye","Velvet Choker"],"picked":"Black Star"},{"not_picked":["Calling Bell","Sozu"],"picked":"Cursed Key"}],"items_purged_floors":[22,30,54],"is_endless":false,"potions_floor_spawned":[2,4,5,10,13,16,18,27,29,36,37,40,48],"ascension_level":20}