{"gold_per_floor":[109,72,82,100,116,116,116,151,151,182,182,182,182],"floor_reached":13,"playtime":941,"items_purged":[],"score":190,"play_id":"99511155-844c-4f61-b8a3-4021dc3fb048","local_time":"20220404193936","is_ascension_mode":true,"campfire_choices":[{"data":"Defragment","floor":6,"key":"SMITH"},{"floor":12,"key":"REST"}],"neow_cost":"NONE","seed_source_timestamp":52194015503700,"circlet_count":0,"master_deck":["AscendersBane","Strike_B","Strike_B","Strike_B","Strike_B","Defend_B","Defend_B+1","Defend_B","Defend_B","Zap","Dualcast+1","Loop","Defragment+1","Genetic Algorithm","Undo","Genetic Algorithm","Genetic Algorithm"],"relics":["Cracked Core","Regal Pillow","War Paint","Frozen Egg 2","Meat on the Bone"],"potions_floor_usage":[5,7,10],"damage_taken":[{"damage":1,"enemies":"Cultist","floor":1,"turns":3},{"damage":2,"enemies":"Small Slimes","floor":3,"turns":4},{"damage":0,"enemies":"2 Louse","floor":4,"turns":2},{"damage":4,"enemies":"Lots of Slimes","floor":5,"turns":3},{"damage":0,"enemies":"Red Slaver","floor":7,"turns":1},{"damage":26,"enemies":"Lagavulin","floor":8,"turns":7},{"damage":23,"enemies":"3 Sentries","floor":10,"turns":7},{"damage":45,"enemies":"Gremlin Gang","floor":13,"turns":3}],"seed_played":"-6017104977786458806","potions_obtained":[{"floor":1,"key":"Explosive Potion"},{"floor":4,"key":"SmokeBomb"},{"floor":8,"key":"CultistPotion"}],"is_trial":false,"path_per_floor":["M","$","M","M","M","R","M","E","T","E","?","R","M"],"character_chosen":"DEFECT","items_purchased":["Defragment"],"campfire_rested":1,"item_purchase_floors":[2],"current_hp_per_floor":[63,63,61,61,57,57,57,31,31,8,8,44,0],"gold":182,"neow_bonus":"RANDOM_COMMON_RELIC","is_prod":false,"is_daily":false,"chose_seed":false,"campfire_upgraded":1,"win_rate":0,"timestamp":1649126376,"path_taken":["M","$","M","M","M","R","?","E","T","E","?","R","M"],"build_version":"2022-03-07","purchased_purges":0,"victory":false,"max_hp_per_floor":[71,71,71,71,71,71,71,71,71,71,71,71,71],"card_choices":[{"not_picked":["BootSequence","Aggregate"],"picked":"Loop","floor":1},{"not_picked":["Conserve Battery","White Noise"],"picked":"Genetic Algorithm","floor":3},{"not_picked":["Storm","Stack"],"picked":"Undo","floor":4},{"not_picked":["Compile Driver","Scrape"],"picked":"Genetic Algorithm","floor":5},{"not_picked":["Amplify","Steam Power"],"picked":"Genetic Algorithm","floor":8},{"not_picked":["Consume","Sunder","Sweeping Beam"],"picked":"SKIP","floor":10}],"player_experience":899862,"relics_obtained":[{"floor":8,"key":"War Paint"},{"floor":9,"key":"Frozen Egg 2"},{"floor":10,"key":"Meat on the Bone"}],"event_choices":[{"damage_healed":0,"gold_gain":0,"player_choice":"Ignored","damage_taken":0,"max_hp_gain":0,"max_hp_loss":0,"event_name":"Liars Game","floor":11,"gold_loss":0}],"is_beta":false,"boss_relics":[],"items_purged_floors":[],"is_endless":false,"potions_floor_spawned":[1,4,7,8],"killed_by":"Gremlin Gang","ascension_level":20}