{"gold_per_floor":[119,119,132,151,170,205,219,249,302,330,330,356,356,369,369,448,448,468,480,498,517,517,548,548,575,575,605,36,62,62,90,90,161,161,181,199,99,399,417,451,504,530,530,22,35,47,47,59,59,59,59,59,59,13,13],"floor_reached":55,"playtime":4255,"items_purged":["Defend_P","Strike_P","Collect"],"score":2299,"play_id":"5efe9951-fbd7-4806-b546-ef9cc0c837aa","local_time":"20220406110625","is_ascension_mode":true,"campfire_choices":[{"data":"Eruption","floor":11.0,"key":"SMITH"},{"floor":15.0,"key":"REST"},{"floor":30.0,"key":"REST"},{"data":"Adaptation","floor":32.0,"key":"SMITH"},{"floor":49.0,"key":"RECALL"},{"floor":53.0,"key":"REST"}],"neow_cost":"NONE","seed_source_timestamp":0,"circlet_count":0,"master_deck":["AscendersBane","Strike_P","Strike_P","Defend_P+1","Defend_P+1","Eruption+1","Vigilance","CarveReality+1","ThirdEye","Meditate+1","CutThroughFate+1","Wallop","FlurryOfBlows","Indignation","LikeWater","TalkToTheHand","Establishment","Halt","Weave+1","CutThroughFate","Adaptation+1","FearNoEvil","Crescendo+1","FlurryOfBlows","DeceiveReality","MentalFortress","Adaptation"],"special_seed":0,"relics":["PureWater","War Paint","Oddly Smooth Stone","CaptainsWheel","Happy Flower","Letter Opener","Juzu Bracelet","Meat on the Bone","Black Star","Kunai","Whetstone","TeardropLocket","Dream Catcher","StrikeDummy","Matryoshka","InkBottle","Yang","OrangePellets","Vajra","Tiny Chest","Red Mask","VioletLotus","Ancient Tea Set","The Courier","Ice Cream","Regal Pillow","Gremlin Horn","Anchor","Ornamental Fan","Centennial Puzzle","Pen Nib","Bottled Flame"],"potions_floor_usage":[],"damage_taken":[{"damage":0.0,"enemies":"2 Louse","floor":1.0,"turns":2.0},{"damage":0.0,"enemies":"Cultist","floor":3.0,"turns":2.0},{"damage":0.0,"enemies":"Jaw Worm","floor":4.0,"turns":2.0},{"damage":1.0,"enemies":"Exordium Thugs","floor":5.0,"turns":4.0},{"damage":14.0,"enemies":"Gremlin Nob","floor":6.0,"turns":3.0},{"damage":15.0,"enemies":"Gremlin Gang","floor":7.0,"turns":4.0},{"damage":6.0,"enemies":"3 Sentries","floor":8.0,"turns":5.0},{"damage":0.0,"enemies":"Gremlin Nob","floor":10.0,"turns":2.0},{"damage":4.0,"enemies":"3 Sentries","floor":12.0,"turns":6.0},{"damage":3.0,"enemies":"Large Slime","floor":14.0,"turns":3.0},{"damage":0.0,"enemies":"Slime Boss","floor":16.0,"turns":5.0},{"damage":6.0,"enemies":"2 Thieves","floor":18.0,"turns":3.0},{"damage":0.0,"enemies":"Chosen","floor":19.0,"turns":3.0},{"damage":23.0,"enemies":"Shelled Parasite and Fungi","floor":20.0,"turns":5.0},{"damage":10.0,"enemies":"3 Cultists","floor":21.0,"turns":5.0},{"damage":3.0,"enemies":"Book of Stabbing","floor":23.0,"turns":5.0},{"damage":34.0,"enemies":"Slavers","floor":25.0,"turns":5.0},{"damage":24.0,"enemies":"Gremlin Leader","floor":27.0,"turns":5.0},{"damage":7.0,"enemies":"Slavers","floor":29.0,"turns":6.0},{"damage":0.0,"enemies":"Masked Bandits","floor":31.0,"turns":2.0},{"damage":8.0,"enemies":"Collector","floor":33.0,"turns":7.0},{"damage":0.0,"enemies":"3 Darklings","floor":35.0,"turns":3.0},{"damage":1.0,"enemies":"3 Shapes","floor":36.0,"turns":3.0},{"damage":7.0,"enemies":"Sphere and 2 Shapes","floor":39.0,"turns":3.0},{"damage":0.0,"enemies":"Reptomancer","floor":40.0,"turns":4.0},{"damage":31.0,"enemies":"2 Orb Walkers","floor":41.0,"turns":5.0},{"damage":0.0,"enemies":"Nemesis","floor":42.0,"turns":5.0},{"damage":11.0,"enemies":"3 Darklings","floor":45.0,"turns":3.0},{"damage":9.0,"enemies":"Spire Growth","floor":46.0,"turns":3.0},{"damage":0.0,"enemies":"Jaw Worm Horde","floor":48.0,"turns":2.0},{"damage":7.0,"enemies":"Time Eater","floor":50.0,"turns":8.0},{"damage":28.0,"enemies":"Awakened One","floor":51.0,"turns":7.0},{"damage":84,"enemies":"Shield and Spear","floor":55,"turns":2}],"seed_played":"-3393573694073689306","potions_obtained":[{"floor":1.0,"key":"Swift Potion"},{"floor":4.0,"key":"SteroidPotion"},{"floor":6.0,"key":"DistilledChaos"},{"floor":10.0,"key":"Dexterity Potion"},{"floor":19.0,"key":"PowerPotion"},{"floor":25.0,"key":"Regen Potion"},{"floor":29.0,"key":"Strength Potion"},{"floor":31.0,"key":"Block Potion"},{"floor":36.0,"key":"Ambrosia"},{"floor":41.0,"key":"Dexterity Potion"},{"floor":42.0,"key":"BottledMiracle"},{"floor":46.0,"key":"BlessingOfTheForge"}],"is_trial":false,"path_per_floor":["M","?","M","M","M","E","M","E","T","E","R","E","?","M","R","B",null,"M","M","M","M","?","E","?","E","T","E","$","E","R","?","R","B",null,"M","M","$","?","M","E","?","E","T","$","M","M","T","M","R","B","B",null,"R","$","E"],"character_chosen":"WATCHER","items_purchased":["Yang","OrangePellets","Block Potion","MentalFortress","Ornamental Fan","Centennial Puzzle","Dexterity Potion"],"campfire_rested":3,"item_purchase_floors":[28,28,28,44,44,44,54],"current_hp_per_floor":[61,61,61,61,60,46,31,25,25,25,25,21,16,25,45,45,62,56,56,45,35,35,44,44,22,22,24,24,29,49,49,49,41,61,61,60,60,60,53,53,34,46,46,46,35,38,38,38,38,43,27,58,68,68,0],"gold":13,"neow_bonus":"RANDOM_COMMON_RELIC","is_prod":false,"is_daily":false,"chose_seed":false,"campfire_upgraded":2,"win_rate":0,"timestamp":1649268385,"path_taken":["M","?","M","M","M","E","M","E","T","E","R","E","?","M","R","BOSS","M","M","M","M","?","E","?","E","T","E","$","E","R","?","R","BOSS","M","M","$","?","M","E","?","E","T","$","M","M","?","M","R","BOSS","BOSS","R","$","E"],"build_version":"2022-03-07","purchased_purges":3,"victory":false,"max_hp_per_floor":[68,68,68,68,68,68,68,68,68,68,68,68,68,68,68,68,68,68,68,68,68,68,68,68,68,68,68,68,68,68,68,68,68,68,68,68,68,68,68,68,68,68,68,68,68,68,68,68,68,68,68,68,68,68,68],"card_choices":[{"not_picked":["FlyingSleeves","PathToVictory"],"picked":"CarveReality","floor":1.0},{"not_picked":["Halt","Nirvana"],"picked":"ThirdEye","floor":3.0},{"not_picked":["ReachHeaven","SashWhip"],"picked":"Meditate","floor":4.0},{"not_picked":["Prostrate","FlyingSleeves"],"picked":"CutThroughFate","floor":5.0},{"not_picked":["BowlingBash","Weave"],"picked":"Wallop","floor":6.0},{"not_picked":["LikeWater","WaveOfTheHand"],"picked":"FlurryOfBlows","floor":7.0},{"not_picked":["EmptyBody","JustLucky"],"picked":"Indignation","floor":8.0},{"not_picked":["Nirvana","ThirdEye","Swivel"],"picked":"SKIP","floor":10.0},{"not_picked":["Fasting2","Protect"],"picked":"LikeWater","floor":12.0},{"not_picked":["FearNoEvil","Prostrate"],"picked":"TalkToTheHand","floor":14.0},{"not_picked":["Devotion","Wish"],"picked":"Establishment","floor":16.0},{"not_picked":["PathToVictory","Consecrate","JustLucky"],"picked":"SKIP","floor":18.0},{"not_picked":["WheelKick","Devotion","PathToVictory"],"picked":"SKIP","floor":19.0},{"not_picked":["ThirdEye","FlyingSleeves"],"picked":"Halt","floor":20.0},{"not_picked":["Indignation+1","Wallop"],"picked":"Weave+1","floor":21.0},{"not_picked":["Crescendo","Perseverance+1"],"picked":"CutThroughFate","floor":23.0},{"not_picked":["CarveReality","MasterReality"],"picked":"Adaptation","floor":25.0},{"not_picked":["Crescendo","Meditate","ClearTheMind"],"picked":"SKIP","floor":27.0},{"not_picked":["Protect","WindmillStrike"],"picked":"FearNoEvil","floor":29.0},{"not_picked":["JustLucky","CrushJoints"],"picked":"Crescendo+1","floor":31.0},{"not_picked":["JustLucky","LikeWater+1"],"picked":"FlurryOfBlows","floor":35.0},{"not_picked":["FlurryOfBlows","SignatureMove+1","CarveReality"],"picked":"SKIP","floor":36.0},{"not_picked":["TalkToTheHand","Judgement"],"picked":"DeceiveReality","floor":39.0},{"not_picked":["Brilliance","Consecrate","DeceiveReality"],"picked":"SKIP","floor":40.0},{"not_picked":["ReachHeaven+1","Consecrate+1","Prostrate"],"picked":"SKIP","floor":42.0},{"not_picked":["Pray","ThirdEye","Crescendo"],"picked":"SKIP","floor":45.0},{"not_picked":["Ragnarok","Halt"],"picked":"Adaptation","floor":46.0},{"not_picked":["SashWhip","PathToVictory","FollowUp+1"],"picked":"SKIP","floor":48.0}],"player_experience":912332,"relics_obtained":[{"floor":6.0,"key":"Oddly Smooth Stone"},{"floor":8.0,"key":"CaptainsWheel"},{"floor":9.0,"key":"Happy Flower"},{"floor":10.0,"key":"Letter Opener"},{"floor":12.0,"key":"Juzu Bracelet"},{"floor":23.0,"key":"Kunai"},{"floor":23.0,"key":"Whetstone"},{"floor":25.0,"key":"TeardropLocket"},{"floor":25.0,"key":"Dream Catcher"},{"floor":26.0,"key":"StrikeDummy"},{"floor":27.0,"key":"Matryoshka"},{"floor":27.0,"key":"InkBottle"},{"floor":29.0,"key":"Vajra"},{"floor":29.0,"key":"Tiny Chest"},{"floor":31.0,"key":"Red Mask"},{"floor":40.0,"key":"Ancient Tea Set"},{"floor":40.0,"key":"The Courier"},{"floor":41.0,"key":"Ice Cream"},{"floor":42.0,"key":"Regal Pillow"},{"floor":42.0,"key":"Gremlin Horn"},{"floor":43.0,"key":"Anchor"},{"floor":47.0,"key":"Pen Nib"},{"floor":47.0,"key":"Bottled Flame"}],"event_choices":[{"cards_removed":["Defend_P"],"damage_healed":0.0,"max_hp_gain":0.0,"max_hp_loss":0.0,"gold_gain":0.0,"event_name":"Purifier","player_choice":"Purged","floor":2.0,"gold_loss":0.0,"damage_taken":0.0},{"damage_healed":0.0,"max_hp_gain":0.0,"max_hp_loss":0.0,"gold_gain":0.0,"event_name":"Scrap Ooze","player_choice":"Success","floor":13.0,"gold_loss":0.0,"damage_taken":5.0,"relics_obtained":["Meat on the Bone"]},{"damage_healed":0.0,"max_hp_gain":0.0,"max_hp_loss":0.0,"gold_gain":0.0,"cards_transformed":["Strike_P"],"event_name":"Transmorgrifier","player_choice":"Transformed","floor":22.0,"gold_loss":0.0,"damage_taken":0.0,"cards_obtained":["Collect"]},{"damage_healed":0.0,"max_hp_gain":0.0,"max_hp_loss":0.0,"gold_gain":0.0,"event_name":"Accursed Blacksmith","player_choice":"Forge","floor":24.0,"gold_loss":0.0,"damage_taken":0.0,"cards_upgraded":["Meditate"]},{"damage_healed":0.0,"max_hp_gain":0.0,"max_hp_loss":0.0,"gold_gain":0.0,"event_name":"Masked Bandits","player_choice":"Fought Bandits","floor":31.0,"gold_loss":0.0,"damage_taken":0.0},{"damage_healed":0.0,"max_hp_gain":0.0,"max_hp_loss":0.0,"gold_gain":300.0,"event_name":"Wheel of Change","player_choice":"Gold","floor":38.0,"gold_loss":0.0,"damage_taken":0.0},{"damage_healed":0.0,"max_hp_gain":0.0,"max_hp_loss":0.0,"gold_gain":0.0,"event_name":"Mysterious Sphere","player_choice":"Fight","floor":41.0,"gold_loss":0.0,"damage_taken":0.0}],"is_beta":false,"boss_relics":[{"not_picked":["Philosopher\u0027s Stone","Tiny House"],"picked":"Black Star"},{"not_picked":["Coffee Dripper","Calling Bell"],"picked":"VioletLotus"}],"items_purged_floors":[28,37,44],"is_endless":false,"potions_floor_spawned":[1,4,6,7,10,19,25,29,31,33,36,41,42,46],"killed_by":"Shield and Spear","ascension_level":20}