{"gold_per_floor":[109,123,123,123,139,139,195,229,229,257,257,13,13,26,26,103,103,117,134,314,326,351,351,382,382,429,429,463,474,91,126,126,199,199,213,229,229,240,259,292,304,329,389,401,447,459,518,557,569,581,593,605,617,20,49,49],"floor_reached":57,"playtime":3708,"items_purged":["Defend_P","Swivel"],"score":3037,"play_id":"7bb890be-9799-4eac-afeb-b03d713742c5","local_time":"20220413224905","is_ascension_mode":true,"campfire_choices":[{"data":"SashWhip","floor":6,"key":"SMITH"},{"data":"TalkToTheHand","floor":13,"key":"SMITH"},{"floor":15,"key":"REST"},{"floor":23,"key":"REST"},{"data":"Blasphemy","floor":27,"key":"SMITH"},{"data":"Adaptation","floor":32,"key":"SMITH"},{"floor":41,"key":"REST"},{"floor":46,"key":"RECALL"},{"floor":49,"key":"REST"},{"floor":53,"key":"REST"}],"neow_cost":"NONE","seed_source_timestamp":838443769926600,"circlet_count":0,"master_deck":["AscendersBane","Eruption+1","Vigilance","SashWhip+1","Tantrum","FlurryOfBlows","Halt","Vault","EmptyFist+1","Tantrum","TalkToTheHand+1","EmptyFist+1","Blasphemy+1","CarveReality+1","Vengeance","Conclude","FollowUp+1","SpiritShield+1","WheelKick","FearNoEvil+1","ClearTheMind+1","MentalFortress+1","MentalFortress+1","Adaptation+1","LessonLearned","Secret Weapon+1","Scrawl","Tantrum+1"],"relics":["PureWater","Gremlin Horn","Anchor","Happy Flower","Boot","Letter Opener","Pandora\u0027s Box","Smiling Mask","Toy Ornithopter","Ancient Tea Set","CloakClasp","Vajra","Lee\u0027s Waffle","Akabeko","Fusion Hammer","MawBank","Bronze Scales","Unceasing Top","Potion Belt","Oddly Smooth Stone","Nunchaku","TheAbacus","Bottled Tornado"],"potions_floor_usage":[7,10,19,50,51,56,56,56],"damage_taken":[{"damage":13,"enemies":"Small Slimes","floor":1,"turns":4},{"damage":11,"enemies":"Jaw Worm","floor":2,"turns":5},{"damage":0,"enemies":"Cultist","floor":5,"turns":2},{"damage":39,"enemies":"Lagavulin Event","floor":7,"turns":5},{"damage":12,"enemies":"Gremlin Nob","floor":8,"turns":3},{"damage":10,"enemies":"3 Sentries","floor":10,"turns":3},{"damage":0,"enemies":"2 Fungi Beasts","floor":14,"turns":3},{"damage":0,"enemies":"Hexaghost","floor":16,"turns":7},{"damage":1,"enemies":"2 Thieves","floor":18,"turns":3},{"damage":0,"enemies":"3 Byrds","floor":19,"turns":2},{"damage":10,"enemies":"Centurion and Healer","floor":21,"turns":4},{"damage":15,"enemies":"Book of Stabbing","floor":24,"turns":3},{"damage":2,"enemies":"Gremlin Leader","floor":28,"turns":5},{"damage":0,"enemies":"Snake Plant","floor":29,"turns":3},{"damage":0,"enemies":"Book of Stabbing","floor":31,"turns":5},{"damage":14,"enemies":"Automaton","floor":33,"turns":5},{"damage":0,"enemies":"Orb Walker","floor":35,"turns":3},{"damage":6,"enemies":"3 Shapes","floor":36,"turns":5},{"damage":0,"enemies":"3 Darklings","floor":38,"turns":4},{"damage":0,"enemies":"Writhing Mass","floor":39,"turns":4},{"damage":18,"enemies":"Nemesis","floor":40,"turns":4},{"damage":5,"enemies":"4 Shapes","floor":42,"turns":4},{"damage":0,"enemies":"Reptomancer","floor":45,"turns":3},{"damage":0,"enemies":"2 Orb Walkers","floor":47,"turns":2},{"damage":0,"enemies":"Giant Head","floor":48,"turns":6},{"damage":8,"enemies":"Time Eater","floor":50,"turns":7},{"damage":31,"enemies":"Donu and Deca","floor":51,"turns":6},{"damage":0,"enemies":"Shield and Spear","floor":55,"turns":4},{"damage":52,"enemies":"The Heart","floor":56,"turns":8}],"seed_played":"-4419916340738985416","potions_obtained":[{"floor":2,"key":"BottledMiracle"},{"floor":5,"key":"ColorlessPotion"},{"floor":7,"key":"LiquidMemories"},{"floor":8,"key":"Explosive Potion"},{"floor":16,"key":"BottledMiracle"},{"floor":24,"key":"Weak Potion"},{"floor":28,"key":"DistilledChaos"},{"floor":35,"key":"Swift Potion"},{"floor":42,"key":"CultistPotion"},{"floor":48,"key":"Explosive Potion"}],"is_trial":false,"path_per_floor":["M","M","?","?","M","R","?","E","T","E","?","$","R","M","R","B",null,"M","M","?","M","T","R","E","?","T","R","E","M","$","E","R","B",null,"M","M","?","M","M","E","R","M","T","?","E","R","?","E","R","B","B",null,"R","$","E","B",null],"character_chosen":"WATCHER","items_purchased":["Tantrum","TalkToTheHand","Vajra","Lee\u0027s Waffle","Oddly Smooth Stone","Nunchaku","TheAbacus","Strength Potion","Fire Potion"],"campfire_rested":5,"item_purchase_floors":[12,12,30,30,54,54,54,54,54],"current_hp_per_floor":[54,43,17,74,74,74,35,23,23,13,13,13,13,13,35,35,64,63,63,44,34,34,56,41,41,41,41,39,39,81,81,81,67,78,78,72,67,67,67,49,73,68,68,68,68,68,68,68,81,73,47,73,81,81,81,29],"gold":49,"neow_bonus":"TEN_PERCENT_HP_BONUS","is_prod":false,"is_daily":false,"chose_seed":false,"campfire_upgraded":4,"win_rate":0,"timestamp":1649915345,"path_taken":["M","M","?","?","?","R","?","E","T","E","?","$","R","M","R","BOSS","M","M","?","?","?","R","E","?","T","R","E","?","$","E","R","BOSS","M","M","?","M","M","E","R","M","T","?","E","R","?","E","R","BOSS","BOSS","R","$","E","BOSS"],"build_version":"2022-03-07","purchased_purges":2,"victory":true,"max_hp_per_floor":[74,74,74,74,74,74,74,74,74,74,74,74,74,74,74,74,74,74,74,74,74,74,74,74,74,74,74,74,74,81,81,81,81,81,81,81,81,81,81,81,81,81,81,81,81,81,81,81,81,81,81,81,81,81,81,81],"card_choices":[{"not_picked":["Halt","WaveOfTheHand"],"picked":"SashWhip","floor":1},{"not_picked":["DeceiveReality","Conclude"],"picked":"Tantrum","floor":2},{"not_picked":["Evaluate","ForeignInfluence"],"picked":"FlurryOfBlows","floor":5},{"not_picked":["Prostrate","FlurryOfBlows"],"picked":"Halt","floor":7},{"not_picked":["Worship","FlyingSleeves"],"picked":"Vault","floor":8},{"not_picked":["Indignation","JustLucky"],"picked":"EmptyFist","floor":10},{"not_picked":["Halt","SandsOfTime"],"picked":"EmptyFist","floor":14},{"not_picked":["Alpha","MasterReality"],"picked":"Blasphemy","floor":16},{"not_picked":["CutThroughFate","BowlingBash","ThirdEye"],"picked":"SKIP","floor":18},{"not_picked":["Wallop+1","Crescendo"],"picked":"FearNoEvil","floor":19},{"not_picked":["WindmillStrike","WreathOfFlame"],"picked":"ClearTheMind+1","floor":21},{"not_picked":["SignatureMove","Wish"],"picked":"MentalFortress+1","floor":24},{"not_picked":["WheelKick","BowlingBash+1","Wireheading"],"picked":"SKIP","floor":28},{"not_picked":["PathToVictory","Halt","Study"],"picked":"SKIP","floor":29},{"not_picked":["Brilliance","PathToVictory"],"picked":"Adaptation","floor":31},{"not_picked":["Blasphemy","Brilliance"],"picked":"LessonLearned","floor":33},{"not_picked":["FlyingSleeves","Sanctity","DeceiveReality"],"picked":"SKIP","floor":35},{"not_picked":["BowlingBash","Worship","EmptyFist+1"],"picked":"SKIP","floor":36},{"not_picked":["Dark Shackles","PanicButton"],"picked":"Secret Weapon","floor":37},{"not_picked":["FollowUp","SashWhip","Halt"],"picked":"SKIP","floor":38},{"not_picked":["Crescendo","BowlingBash","Prostrate"],"picked":"SKIP","floor":39},{"not_picked":["WheelKick","EmptyBody","Crescendo"],"picked":"SKIP","floor":40},{"not_picked":["WaveOfTheHand","CutThroughFate","Evaluate"],"picked":"SKIP","floor":42},{"not_picked":["Evaluate","CutThroughFate+1"],"picked":"Scrawl","floor":45},{"not_picked":["JustLucky+1","BowlingBash","CutThroughFate"],"picked":"SKIP","floor":48},{"not_picked":["SignatureMove","Consecrate"],"picked":"Tantrum+1","floor":55}],"player_experience":929630,"relics_obtained":[{"floor":8,"key":"Happy Flower"},{"floor":9,"key":"Boot"},{"floor":10,"key":"Letter Opener"},{"floor":22,"key":"Smiling Mask"},{"floor":24,"key":"Toy Ornithopter"},{"floor":26,"key":"Ancient Tea Set"},{"floor":28,"key":"CloakClasp"},{"floor":31,"key":"Akabeko"},{"floor":40,"key":"MawBank"},{"floor":45,"key":"Bronze Scales"},{"floor":47,"key":"Unceasing Top"},{"floor":48,"key":"Potion Belt"},{"floor":55,"key":"Bottled Tornado"}],"event_choices":[{"damage_healed":0,"gold_gain":0,"player_choice":"Success","damage_taken":26,"relics_obtained":["Gremlin Horn"],"max_hp_gain":0,"max_hp_loss":0,"event_name":"Scrap Ooze","floor":3,"gold_loss":0},{"damage_healed":57,"gold_gain":0,"player_choice":"Full Heal","damage_taken":0,"max_hp_gain":0,"max_hp_loss":0,"event_name":"Wheel of Change","floor":4,"gold_loss":0},{"damage_healed":0,"gold_gain":0,"player_choice":"Searched \u00272\u0027 times","damage_taken":0,"relics_obtained":["Anchor"],"max_hp_gain":0,"max_hp_loss":0,"event_name":"Dead Adventurer","floor":7,"gold_loss":0},{"damage_healed":0,"gold_gain":0,"player_choice":"Ignored","damage_taken":0,"max_hp_gain":0,"max_hp_loss":0,"event_name":"Shining Light","floor":11,"gold_loss":0},{"damage_healed":0,"gold_gain":180,"player_choice":"GOLD GOLD ","damage_taken":19,"max_hp_gain":0,"max_hp_loss":0,"event_name":"Knowing Skull","floor":20,"potions_obtained":[],"gold_loss":0,"cards_obtained":[]},{"damage_healed":0,"gold_gain":0,"player_choice":"Copied","damage_taken":0,"max_hp_gain":0,"max_hp_loss":0,"event_name":"Duplicator","floor":25,"gold_loss":0,"cards_obtained":["MentalFortress"]},{"damage_healed":0,"gold_gain":0,"player_choice":"Memory 2","damage_taken":5,"max_hp_gain":0,"max_hp_loss":0,"event_name":"SensoryStone","floor":37,"gold_loss":0},{"damage_healed":0,"gold_gain":0,"player_choice":"Ignored","damage_taken":0,"max_hp_gain":0,"max_hp_loss":0,"event_name":"Tomb of Lord Red Mask","floor":44,"gold_loss":0},{"damage_healed":0,"gold_gain":0,"player_choice":"Fight","damage_taken":0,"max_hp_gain":0,"max_hp_loss":0,"event_name":"Mysterious Sphere","floor":47,"gold_loss":0}],"is_beta":false,"boss_relics":[{"not_picked":["Busted Crown","Runic Dome"],"picked":"Pandora\u0027s Box"},{"not_picked":["Astrolabe","Empty Cage"],"picked":"Fusion Hammer"}],"items_purged_floors":[12,30],"is_endless":false,"potions_floor_spawned":[2,5,7,8,16,18,24,28,31,33,35,40,42,47,48],"ascension_level":20}