{"gold_per_floor":[116,116,116,136,136,136,136,165,165,181,198,230,76,102,102,180,180,197,197,217,252,20,20,47,61,84,96],"floor_reached":27,"playtime":1061,"items_purged":["Strike_R","Strike_R"],"score":548,"play_id":"d59bba21-53b8-4702-86e2-d57bea3e5278","local_time":"20220423205349","is_ascension_mode":true,"campfire_choices":[{"data":"Bash","floor":6.0,"key":"SMITH"},{"data":"Armaments","floor":15.0,"key":"SMITH"},{"data":"Corruption","floor":23,"key":"SMITH"}],"neow_cost":"NONE","seed_source_timestamp":2607756372000,"circlet_count":0,"master_deck":["AscendersBane","Strike_R+1","Defend_R","Defend_R","Defend_R","Defend_R+1","Bash+1","Anger","Hemokinesis","Armaments+1","Reaper","Clothesline","Dark Embrace","Exhume","Rampage","Corruption+1","Warcry+1","Spot Weakness","True Grit+1","Shockwave","Clash+1"],"special_seed":0,"relics":["Burning Blood","NeowsBlessing","Letter Opener","Gremlin Horn","Lantern","Shuriken","Black Star","Red Mask","Ornamental Fan","Prayer Wheel","MawBank"],"potions_floor_usage":[21,24,25],"damage_taken":[{"damage":0.0,"enemies":"Jaw Worm","floor":1.0,"turns":1.0},{"damage":0.0,"enemies":"Small Slimes","floor":4.0,"turns":1.0},{"damage":2.0,"enemies":"3 Sentries","floor":8.0,"turns":2.0},{"damage":3.0,"enemies":"2 Louse","floor":10.0,"turns":2.0},{"damage":3.0,"enemies":"Blue Slaver","floor":11.0,"turns":3.0},{"damage":19.0,"enemies":"Lagavulin","floor":12.0,"turns":6.0},{"damage":32.0,"enemies":"Gremlin Nob","floor":14.0,"turns":4.0},{"damage":43.0,"enemies":"The Guardian","floor":16.0,"turns":14.0},{"damage":12.0,"enemies":"Shell Parasite","floor":18.0,"turns":5.0},{"damage":4.0,"enemies":"Chosen","floor":20.0,"turns":4.0},{"damage":9,"enemies":"Masked Bandits","floor":21,"turns":3},{"damage":17,"enemies":"Book of Stabbing","floor":24,"turns":5},{"damage":35,"enemies":"Sentry and Sphere","floor":25,"turns":6},{"damage":52,"enemies":"Slavers","floor":27,"turns":3}],"seed_played":"-4384453732842952777","potions_obtained":[{"floor":8.0,"key":"SpeedPotion"},{"floor":10.0,"key":"ElixirPotion"},{"floor":14.0,"key":"Ancient Potion"},{"floor":18.0,"key":"SneckoOil"},{"floor":24,"key":"Swift Potion"}],"is_trial":false,"path_per_floor":["M","?","?","M","?","R","?","E","T","M","M","E","$","E","R","B",null,"M","?","M","?","$","R","E","M","T","E"],"character_chosen":"IRONCLAD","items_purchased":["Rampage","Shockwave","ColorlessPotion"],"campfire_rested":0,"item_purchase_floors":[13,22,22],"current_hp_per_floor":[74,51,51,57,50,50,75,75,75,75,75,62,62,40,40,18,61,55,55,57,54,54,54,43,21,21,0],"gold":96,"neow_bonus":"THREE_ENEMY_KILL","is_prod":false,"is_daily":false,"chose_seed":false,"campfire_upgraded":3,"win_rate":0,"timestamp":1650772429,"path_taken":["M","?","?","M","?","R","?","E","T","M","M","E","$","E","R","BOSS","M","?","M","?","$","R","E","M","T","E"],"build_version":"2022-03-07","purchased_purges":2,"victory":false,"max_hp_per_floor":[75,75,75,75,75,75,75,75,75,75,75,75,75,75,75,75,75,75,75,75,75,75,75,75,75,75,75],"card_choices":[{"not_picked":["Armaments","Perfected Strike"],"picked":"Anger","floor":1.0},{"not_picked":["Headbutt","Dropkick"],"picked":"Armaments","floor":4.0},{"not_picked":["Sentinel","Rupture"],"picked":"Reaper","floor":8.0},{"not_picked":["Flex","Seeing Red"],"picked":"Clothesline","floor":10.0},{"not_picked":["Pummel","Rage"],"picked":"Dark Embrace","floor":11.0},{"not_picked":["Perfected Strike","Flex"],"picked":"Exhume","floor":12.0},{"not_picked":["Dark Embrace","Infernal Blade","Rampage"],"picked":"SKIP","floor":14.0},{"not_picked":["Feed","Juggernaut"],"picked":"Corruption","floor":16.0},{"not_picked":["Body Slam","Rupture"],"picked":"Warcry+1","floor":18.0},{"not_picked":["Headbutt+1","Cleave"],"picked":"Spot Weakness","floor":20.0},{"not_picked":["Iron Wave","Power Through"],"picked":"True Grit+1","floor":21},{"not_picked":["Body Slam","Corruption","Clash"],"picked":"SKIP","floor":24},{"not_picked":["Perfected Strike","Iron Wave"],"picked":"Clash+1","floor":25},{"not_picked":["Headbutt","Thunderclap","Reckless Charge"],"picked":"SKIP","floor":25}],"player_experience":990969,"relics_obtained":[{"floor":8.0,"key":"Letter Opener"},{"floor":9.0,"key":"Gremlin Horn"},{"floor":12.0,"key":"Lantern"},{"floor":14.0,"key":"Shuriken"},{"floor":21,"key":"Red Mask"},{"floor":24,"key":"Ornamental Fan"},{"floor":24,"key":"Prayer Wheel"},{"floor":26,"key":"MawBank"}],"event_choices":[{"damage_healed":0.0,"max_hp_gain":0.0,"max_hp_loss":0.0,"gold_gain":0.0,"event_name":"Shining Light","player_choice":"Entered Light","floor":2.0,"gold_loss":0.0,"damage_taken":23.0,"cards_upgraded":["Strike_R","Defend_R"]},{"damage_healed":0.0,"max_hp_gain":0.0,"max_hp_loss":0.0,"gold_gain":0.0,"cards_transformed":["Strike_R"],"event_name":"Living Wall","player_choice":"Change","floor":3.0,"gold_loss":0.0,"damage_taken":0.0,"cards_obtained":["Hemokinesis"]},{"cards_removed":["Strike_R"],"damage_healed":0.0,"max_hp_gain":0.0,"max_hp_loss":0.0,"gold_gain":0.0,"event_name":"Golden Wing","player_choice":"Card Removal","floor":5.0,"gold_loss":0.0,"damage_taken":7.0},{"damage_healed":25.0,"max_hp_gain":0.0,"max_hp_loss":0.0,"gold_gain":0.0,"event_name":"Big Fish","player_choice":"Banana","floor":7.0,"gold_loss":0.0,"damage_taken":0.0},{"damage_healed":0.0,"max_hp_gain":0.0,"max_hp_loss":0.0,"gold_gain":0.0,"event_name":"Vampires","player_choice":"Ignored","floor":19.0,"gold_loss":0.0,"damage_taken":0.0},{"damage_healed":0,"gold_gain":0,"player_choice":"Fought Bandits","damage_taken":0,"max_hp_gain":0,"max_hp_loss":0,"event_name":"Masked Bandits","floor":21,"gold_loss":0}],"is_beta":false,"boss_relics":[{"not_picked":["Astrolabe","Pandora\u0027s Box"],"picked":"Black Star"}],"items_purged_floors":[13,22],"is_endless":false,"potions_floor_spawned":[8,10,14,18,24],"killed_by":"Slavers","ascension_level":20}