{"gold_per_floor":[111,111,122,142,142,173,15,48,72,84,84,84,109,123,123,198,198,214,228,228,50,50,81,81,96,96,96,129,143,156,182,182,259,259,279,291,291,308,323,355,147,172,172,172,172,198,211,211,211,211],"floor_reached":50,"playtime":1918,"items_purged":["Defend_P","Defend_P","Defend_P"],"score":1445,"play_id":"3046d38d-d351-41aa-a315-34d822a6d8a0","local_time":"20220415145205","is_ascension_mode":true,"campfire_choices":[{"data":"Blasphemy","floor":12.0,"key":"SMITH"},{"data":"FlurryOfBlows","floor":15.0,"key":"SMITH"},{"data":"Ragnarok","floor":24.0,"key":"SMITH"},{"data":"Adaptation","floor":27.0,"key":"SMITH"},{"data":"Omniscience","floor":32.0,"key":"SMITH"},{"floor":44.0,"key":"RECALL"},{"data":"Adaptation","floor":49.0,"key":"SMITH"}],"neow_cost":"NONE","seed_source_timestamp":0,"circlet_count":0,"master_deck":["AscendersBane","Eruption+1","Vigilance","WheelKick","FearNoEvil","Indignation","Protect","EmptyFist","Blasphemy+1","FlurryOfBlows+1","Adaptation+1","Ragnarok+1","Crescendo","Bite","Bite","Bite","Bite","Bite","Adaptation+1","InnerPeace","Omniscience+1","DeceiveReality","Vault","Halt","FlurryOfBlows+1","CrushJoints+1","Crescendo+1"],"special_seed":0,"relics":["HolyWater","NeowsBlessing","Oddly Smooth Stone","MealTicket","Blue Candle","Black Star","Bag of Marbles","Dream Catcher","Eternal Feather","HornCleat","TeardropLocket","Pocketwatch","Toy Ornithopter","Mercury Hourglass","Pen Nib","Meat on the Bone","Juzu Bracelet","Frozen Egg 2","Bottled Lightning","Omamori","GoldenEye"],"potions_floor_usage":[],"damage_taken":[{"damage":0.0,"enemies":"Small Slimes","floor":1.0,"turns":2.0},{"damage":0.0,"enemies":"Cultist","floor":3.0,"turns":1.0},{"damage":0.0,"enemies":"2 Louse","floor":4.0,"turns":1.0},{"damage":0.0,"enemies":"3 Sentries","floor":6.0,"turns":3.0},{"damage":2.0,"enemies":"Gremlin Nob","floor":8.0,"turns":3.0},{"damage":0.0,"enemies":"2 Fungi Beasts","floor":10.0,"turns":1.0},{"damage":5.0,"enemies":"3 Sentries","floor":13.0,"turns":5.0},{"damage":3.0,"enemies":"Large Slime","floor":14.0,"turns":2.0},{"damage":43.0,"enemies":"Hexaghost","floor":16.0,"turns":9.0},{"damage":0.0,"enemies":"Chosen","floor":18.0,"turns":2.0},{"damage":9.0,"enemies":"2 Thieves","floor":19.0,"turns":2.0},{"damage":0.0,"enemies":"Gremlin Leader","floor":23.0,"turns":3.0},{"damage":0.0,"enemies":"Snecko","floor":25.0,"turns":3.0},{"damage":5.0,"enemies":"Book of Stabbing","floor":28.0,"turns":3.0},{"damage":0.0,"enemies":"Cultist and Chosen","floor":29.0,"turns":2.0},{"damage":0.0,"enemies":"Sentry and Sphere","floor":30.0,"turns":2.0},{"damage":15.0,"enemies":"Slavers","floor":31.0,"turns":3.0},{"damage":49.0,"enemies":"Automaton","floor":33.0,"turns":8.0},{"damage":15.0,"enemies":"3 Darklings","floor":35.0,"turns":4.0},{"damage":4.0,"enemies":"3 Shapes","floor":36.0,"turns":7.0},{"damage":1.0,"enemies":"Transient","floor":38.0,"turns":7.0},{"damage":0.0,"enemies":"Spire Growth","floor":39.0,"turns":4.0},{"damage":25.0,"enemies":"Reptomancer","floor":40.0,"turns":5.0},{"damage":0.0,"enemies":"Nemesis","floor":42.0,"turns":1.0},{"damage":0.0,"enemies":"Reptomancer","floor":46.0,"turns":1.0},{"damage":0.0,"enemies":"Maw","floor":47.0,"turns":1.0},{"damage":51,"enemies":"Time Eater","floor":50,"turns":5}],"seed_played":"3592030093634325346","potions_obtained":[{"floor":4.0,"key":"Explosive Potion"},{"floor":10.0,"key":"Block Potion"},{"floor":16.0,"key":"SkillPotion"},{"floor":25.0,"key":"Ambrosia"},{"floor":29.0,"key":"SneckoOil"},{"floor":36.0,"key":"AttackPotion"},{"floor":38.0,"key":"Weak Potion"},{"floor":47.0,"key":"BottledMiracle"}],"is_trial":false,"path_per_floor":["M","?","M","M","?","E","$","E","T","M","$","R","E","M","R","B",null,"M","M","?","$","?","E","R","M","T","R","E","M","M","E","R","B",null,"M","M","?","M","M","E","$","E","T","R","T","E","M","$","R","B"],"character_chosen":"WATCHER","items_purchased":["EmptyFist","SkillPotion","Adaptation","LiquidMemories"],"campfire_rested":0,"item_purchase_floors":[7,7,21,41],"current_hp_per_floor":[61,61,61,61,54,54,54,52,52,52,67,67,62,59,59,16,55,55,46,46,47,36,40,40,40,40,52,47,51,52,41,52,9,41,36,38,38,52,52,33,48,48,48,52,52,52,52,52,52,9],"gold":211,"neow_bonus":"THREE_ENEMY_KILL","is_prod":false,"is_daily":false,"chose_seed":false,"campfire_upgraded":6,"win_rate":0,"timestamp":1650059525,"path_taken":["M","?","?","M","?","E","$","E","T","M","$","R","E","M","R","BOSS","M","M","?","$","?","E","R","M","T","R","E","M","M","E","R","BOSS","M","M","?","M","M","E","$","E","T","R","?","E","M","?","R","BOSS"],"build_version":"2022-03-07","purchased_purges":3,"victory":false,"max_hp_per_floor":[68,68,68,68,68,68,68,68,68,68,68,68,68,68,68,68,68,68,68,47,47,52,52,52,52,52,52,52,52,52,52,52,52,52,52,52,52,52,52,52,52,52,52,52,52,52,52,52,52,52],"card_choices":[{"not_picked":["FlyingSleeves","Prostrate"],"picked":"WheelKick","floor":1.0},{"not_picked":["Prostrate","Meditate"],"picked":"FearNoEvil","floor":3.0},{"not_picked":["Pray","Halt"],"picked":"Indignation","floor":4.0},{"not_picked":["Prostrate","Nirvana"],"picked":"Protect","floor":6.0},{"not_picked":["PathToVictory","SandsOfTime"],"picked":"Blasphemy","floor":8.0},{"not_picked":["ForeignInfluence","Consecrate"],"picked":"FlurryOfBlows","floor":10.0},{"not_picked":["PathToVictory","FlyingSleeves","SpiritShield"],"picked":"SKIP","floor":13.0},{"not_picked":["Consecrate","PathToVictory"],"picked":"Adaptation","floor":14.0},{"not_picked":["Judgement","Blasphemy"],"picked":"Ragnarok","floor":16.0},{"not_picked":["Prostrate","Evaluate","Nirvana"],"picked":"SKIP","floor":18.0},{"not_picked":["JustLucky","FlyingSleeves"],"picked":"Crescendo","floor":19.0},{"not_picked":["Consecrate","FollowUp"],"picked":"InnerPeace","floor":23.0},{"not_picked":["WreathOfFlame","FlyingSleeves+1","CutThroughFate"],"picked":"SKIP","floor":25.0},{"not_picked":["FlyingSleeves","CrushJoints"],"picked":"Omniscience","floor":28.0},{"not_picked":["Fasting2","JustLucky","FollowUp"],"picked":"SKIP","floor":29.0},{"not_picked":["ClearTheMind","Weave+1","FollowUp"],"picked":"SKIP","floor":30.0},{"not_picked":["Perseverance","Swivel"],"picked":"DeceiveReality","floor":31.0},{"not_picked":["Brilliance","Blasphemy"],"picked":"Vault","floor":33.0},{"not_picked":["PathToVictory","Protect","BowlingBash"],"picked":"SKIP","floor":35.0},{"not_picked":["Evaluate","SashWhip"],"picked":"Halt","floor":36.0},{"not_picked":["ReachHeaven","Protect"],"picked":"FlurryOfBlows+1","floor":38.0},{"not_picked":["EmptyBody","ThirdEye"],"picked":"CrushJoints+1","floor":39.0},{"not_picked":["FollowUp","Pray","SpiritShield"],"picked":"SKIP","floor":40.0},{"not_picked":["SandsOfTime","WaveOfTheHand"],"picked":"Crescendo+1","floor":42.0},{"not_picked":["Evaluate","SashWhip","CutThroughFate"],"picked":"SKIP","floor":46.0},{"not_picked":["ClearTheMind+1","EmptyBody","Protect+1"],"picked":"SKIP","floor":47.0}],"player_experience":935359,"relics_obtained":[{"floor":6.0,"key":"Oddly Smooth Stone"},{"floor":8.0,"key":"MealTicket"},{"floor":13.0,"key":"Blue Candle"},{"floor":23.0,"key":"Bag of Marbles"},{"floor":23.0,"key":"Dream Catcher"},{"floor":26.0,"key":"Eternal Feather"},{"floor":28.0,"key":"HornCleat"},{"floor":28.0,"key":"TeardropLocket"},{"floor":31.0,"key":"Pocketwatch"},{"floor":31.0,"key":"Toy Ornithopter"},{"floor":40.0,"key":"Mercury Hourglass"},{"floor":40.0,"key":"Pen Nib"},{"floor":42.0,"key":"Meat on the Bone"},{"floor":42.0,"key":"Juzu Bracelet"},{"floor":43.0,"key":"Frozen Egg 2"},{"floor":45.0,"key":"Bottled Lightning"},{"floor":46.0,"key":"Omamori"},{"floor":46.0,"key":"GoldenEye"}],"event_choices":[{"damage_healed":0.0,"max_hp_gain":0.0,"max_hp_loss":0.0,"gold_gain":0.0,"event_name":"Upgrade Shrine","player_choice":"Upgraded","floor":2.0,"gold_loss":0.0,"damage_taken":0.0,"cards_upgraded":["Eruption"]},{"cards_removed":["Defend_P"],"damage_healed":0.0,"max_hp_gain":0.0,"max_hp_loss":0.0,"gold_gain":0.0,"event_name":"Golden Wing","player_choice":"Card Removal","floor":5.0,"gold_loss":0.0,"damage_taken":7.0},{"damage_healed":0.0,"max_hp_gain":0.0,"max_hp_loss":21.0,"gold_gain":0.0,"event_name":"Vampires","player_choice":"Became a vampire","floor":20.0,"gold_loss":0.0,"damage_taken":0.0,"cards_obtained":["Bite","Bite","Bite","Bite","Bite"]},{"damage_healed":0.0,"max_hp_gain":5.0,"max_hp_loss":0.0,"gold_gain":0.0,"event_name":"Forgotten Altar","player_choice":"Shed Blood","floor":22.0,"gold_loss":0.0,"damage_taken":16.0},{"damage_healed":0.0,"max_hp_gain":0.0,"max_hp_loss":0.0,"gold_gain":0.0,"event_name":"Tomb of Lord Red Mask","player_choice":"Ignored","floor":37.0,"gold_loss":0.0,"damage_taken":0.0}],"is_beta":false,"boss_relics":[{"not_picked":["Astrolabe","Fusion Hammer"],"picked":"Black Star"},{"not_picked":["Philosopher\u0027s Stone","Cursed Key"],"picked":"HolyWater"}],"items_purged_floors":[7,21,41],"is_endless":false,"potions_floor_spawned":[4,10,16,25,29,30,36,38,47],"killed_by":"Time Eater","ascension_level":20}