{"gold_per_floor":[117,117,132,132,151,176,190,200,200,232,70,101,112,145,145,222,222,234,234,257,269,294,321,321,341,341,376,376,426,426,453,453,531,531,542,265,265,289,299,326,357,394,430,459,471,509,521,533,545,557],"floor_reached":50,"playtime":2372,"items_purged":["Judgement"],"score":1447,"play_id":"dbd6d589-6382-417c-ad4b-f4257089c70a","local_time":"20220418114108","is_ascension_mode":true,"campfire_choices":[{"data":"Eruption","floor":15,"key":"SMITH"},{"floor":28,"key":"REST"},{"data":"TalkToTheHand","floor":30,"key":"SMITH"},{"data":"CrushJoints","floor":32,"key":"SMITH"},{"floor":47,"key":"RECALL"},{"floor":49,"key":"REST"}],"neow_cost":"NONE","seed_source_timestamp":1231770372306000,"circlet_count":0,"master_deck":["AscendersBane","Eruption+1","Vigilance","TalkToTheHand+1","BattleHymn+1","CrushJoints+1","Wallop","Conclude","InnerPeace","FearNoEvil+1","TalkToTheHand+1","LessonLearned+1","EmptyMind+1","EmptyFist","Meditate+1","Vengeance","Ragnarok","ConjureBlade","Meditate+1","ForeignInfluence","Vault","CarveReality","Collect","FlurryOfBlows","Scrawl","FlurryOfBlows+1","Indignation","TalkToTheHand+1"],"relics":["PureWater","NeowsBlessing","Shuriken","Yang","Bag of Preparation","Orichalcum","Turnip","Anchor","SlaversCollar","Bag of Marbles","Red Mask","Calipers","PreservedInsect","Mummified Hand","Bronze Scales","Pandora\u0027s Box","Akabeko","MawBank","GoldenEye","Strawberry","Dream Catcher"],"potions_floor_usage":[7,12,16,23,31,41,50,50],"damage_taken":[{"damage":0,"enemies":"Cultist","floor":1,"turns":1},{"damage":0,"enemies":"Small Slimes","floor":3,"turns":1},{"damage":0,"enemies":"2 Louse","floor":5,"turns":1},{"damage":7,"enemies":"Gremlin Nob","floor":6,"turns":3},{"damage":1,"enemies":"Exordium Thugs","floor":7,"turns":3},{"damage":1,"enemies":"Red Slaver","floor":8,"turns":3},{"damage":11,"enemies":"Lagavulin","floor":10,"turns":7},{"damage":6,"enemies":"3 Sentries","floor":12,"turns":3},{"damage":0,"enemies":"Exordium Wildlife","floor":13,"turns":1},{"damage":0,"enemies":"Gremlin Nob","floor":14,"turns":3},{"damage":6,"enemies":"Hexaghost","floor":16,"turns":6},{"damage":2,"enemies":"Chosen","floor":18,"turns":4},{"damage":3,"enemies":"3 Byrds","floor":21,"turns":3},{"damage":17,"enemies":"Masked Bandits","floor":22,"turns":4},{"damage":3,"enemies":"Slavers","floor":23,"turns":4},{"damage":3,"enemies":"Snake Plant","floor":25,"turns":3},{"damage":0,"enemies":"Gremlin Leader","floor":27,"turns":4},{"damage":0,"enemies":"Slavers","floor":31,"turns":2},{"damage":20,"enemies":"Automaton","floor":33,"turns":5},{"damage":2,"enemies":"Orb Walker","floor":35,"turns":3},{"damage":0,"enemies":"3 Darklings","floor":39,"turns":3},{"damage":0,"enemies":"Giant Head","floor":40,"turns":4},{"damage":21,"enemies":"Maw","floor":41,"turns":4},{"damage":4,"enemies":"Mind Bloom Boss Battle","floor":42,"turns":4},{"damage":0,"enemies":"Transient","floor":44,"turns":6},{"damage":0,"enemies":"Reptomancer","floor":46,"turns":3},{"damage":62,"enemies":"Time Eater","floor":50,"turns":5}],"seed_played":"-2177364541880981640","potions_obtained":[{"floor":3,"key":"BottledMiracle"},{"floor":5,"key":"Dexterity Potion"},{"floor":10,"key":"BottledMiracle"},{"floor":12,"key":"StancePotion"},{"floor":22,"key":"SkillPotion"},{"floor":27,"key":"SkillPotion"},{"floor":31,"key":"SmokeBomb"},{"floor":33,"key":"Weak Potion"},{"floor":41,"key":"Energy Potion"},{"floor":42,"key":"Swift Potion"}],"is_trial":false,"path_per_floor":["M","?","M","?","M","E","M","M","T","E","$","E","M","E","R","B",null,"M","?","T","M","?","E","?","M","T","E","R","?","R","E","R","B",null,"M","$","?","T","M","E","M","?","T","M","?","E","R","?","R","B"],"character_chosen":"WATCHER","items_purchased":["Orichalcum","FlurryOfBlows","Scrawl"],"campfire_rested":2,"item_purchase_floors":[11,36,36],"current_hp_per_floor":[61,61,61,61,61,54,53,52,52,41,41,35,35,35,35,29,58,56,56,56,53,36,33,33,30,30,30,50,50,50,50,50,30,59,57,57,57,57,57,57,36,32,39,39,39,39,39,39,60,0],"gold":557,"neow_bonus":"THREE_ENEMY_KILL","is_prod":false,"is_daily":false,"chose_seed":false,"campfire_upgraded":3,"win_rate":0,"timestamp":1650307268,"path_taken":["M","?","?","?","M","E","M","M","T","E","$","E","M","E","R","BOSS","M","?","?","?","?","E","?","?","T","E","R","?","R","E","R","BOSS","M","$","?","?","M","E","M","?","T","M","?","E","R","?","R","BOSS"],"build_version":"2022-03-07","purchased_purges":1,"victory":false,"max_hp_per_floor":[68,68,68,68,68,68,68,68,68,68,68,68,68,68,68,68,68,68,68,68,68,68,68,68,68,68,68,68,68,68,68,68,68,68,68,68,68,68,68,68,68,68,75,75,71,71,71,71,71,71],"card_choices":[{"not_picked":["Evaluate","Swivel"],"picked":"TalkToTheHand","floor":1},{"not_picked":["Consecrate","EmptyBody"],"picked":"BattleHymn","floor":3},{"not_picked":["JustLucky","WreathOfFlame"],"picked":"CrushJoints","floor":5},{"not_picked":["Pray","Swivel"],"picked":"Wallop","floor":6},{"not_picked":["WreathOfFlame","BowlingBash"],"picked":"Conclude","floor":7},{"not_picked":["BowlingBash","WaveOfTheHand"],"picked":"InnerPeace","floor":8},{"not_picked":["BattleHymn","Prostrate"],"picked":"FearNoEvil","floor":10},{"not_picked":["BattleHymn","CrushJoints","FlyingSleeves"],"picked":"SKIP","floor":12},{"not_picked":["Sanctity","Consecrate","Alpha"],"picked":"SKIP","floor":13},{"not_picked":["Sanctity","Collect"],"picked":"TalkToTheHand","floor":14},{"not_picked":["Devotion","SpiritShield"],"picked":"LessonLearned","floor":16},{"not_picked":["Prostrate","Halt","SashWhip"],"picked":"SKIP","floor":18},{"not_picked":["WheelKick","WaveOfTheHand"],"picked":"EmptyFist","floor":21},{"not_picked":["Wireheading","SashWhip"],"picked":"Meditate","floor":22},{"not_picked":["CutThroughFate","LikeWater","ThirdEye+1"],"picked":"SKIP","floor":23},{"not_picked":["CutThroughFate","BowlingBash+1","Weave"],"picked":"SKIP","floor":25},{"not_picked":["SignatureMove","LessonLearned","FearNoEvil"],"picked":"SKIP","floor":27},{"not_picked":["Wallop+1","Prostrate+1"],"picked":"Vengeance","floor":31},{"not_picked":["MasterReality","Brilliance"],"picked":"Ragnarok","floor":33},{"not_picked":["CarveReality+1","FollowUp","Halt"],"picked":"SKIP","floor":35},{"not_picked":["Wireheading+1","Protect"],"picked":"FlurryOfBlows+1","floor":39},{"not_picked":["Pray","Vengeance","ThirdEye+1"],"picked":"SKIP","floor":40},{"not_picked":["PathToVictory","EmptyBody+1","CrushJoints"],"picked":"SKIP","floor":41},{"not_picked":["FollowUp","BowlingBash"],"picked":"Indignation","floor":44},{"not_picked":["Prostrate","Blasphemy","JustLucky"],"picked":"SKIP","floor":46}],"player_experience":947819,"relics_obtained":[{"floor":6,"key":"Shuriken"},{"floor":9,"key":"Yang"},{"floor":10,"key":"Bag of Preparation"},{"floor":12,"key":"Turnip"},{"floor":14,"key":"Anchor"},{"floor":20,"key":"Bag of Marbles"},{"floor":22,"key":"Red Mask"},{"floor":23,"key":"Calipers"},{"floor":24,"key":"PreservedInsect"},{"floor":27,"key":"Mummified Hand"},{"floor":31,"key":"Bronze Scales"},{"floor":38,"key":"Akabeko"},{"floor":40,"key":"MawBank"},{"floor":42,"key":"GoldenEye"},{"floor":43,"key":"Strawberry"},{"floor":46,"key":"Dream Catcher"}],"event_choices":[{"damage_healed":0,"gold_gain":0,"player_choice":"Upgraded","damage_taken":0,"max_hp_gain":0,"max_hp_loss":0,"event_name":"Upgrade Shrine","floor":2,"gold_loss":0,"cards_upgraded":["TalkToTheHand"]},{"damage_healed":0,"gold_gain":0,"cards_transformed":["Defend_P"],"player_choice":"Change","damage_taken":0,"max_hp_gain":0,"max_hp_loss":0,"event_name":"Living Wall","floor":4,"gold_loss":0,"cards_obtained":["Judgement"]},{"damage_healed":0,"gold_gain":0,"player_choice":"Read","damage_taken":0,"max_hp_gain":0,"max_hp_loss":0,"event_name":"The Library","floor":19,"gold_loss":0,"cards_obtained":["EmptyMind"]},{"damage_healed":0,"gold_gain":0,"player_choice":"Fought Bandits","damage_taken":0,"max_hp_gain":0,"max_hp_loss":0,"event_name":"Masked Bandits","floor":22,"gold_loss":0},{"damage_healed":0,"gold_gain":0,"player_choice":"Relic","damage_taken":0,"max_hp_gain":0,"max_hp_loss":0,"event_name":"Wheel of Change","floor":24,"gold_loss":0},{"damage_healed":0,"gold_gain":50,"player_choice":"Stole From Cult","damage_taken":0,"max_hp_gain":0,"max_hp_loss":0,"event_name":"Nest","floor":29,"gold_loss":0},{"cards_removed":["BattleHymn"],"damage_healed":0,"gold_gain":0,"player_choice":"Removed Power","damage_taken":0,"max_hp_gain":0,"max_hp_loss":0,"event_name":"Falling","floor":37,"gold_loss":0},{"damage_healed":0,"gold_gain":0,"player_choice":"Fight","damage_taken":0,"max_hp_gain":0,"max_hp_loss":0,"event_name":"MindBloom","floor":42,"gold_loss":0},{"damage_healed":0,"gold_gain":0,"player_choice":"Max HP","damage_taken":0,"max_hp_gain":0,"max_hp_loss":4,"event_name":"Winding Halls","floor":45,"gold_loss":0},{"damage_healed":0,"gold_gain":0,"player_choice":"Copied","damage_taken":0,"max_hp_gain":0,"max_hp_loss":0,"event_name":"Duplicator","floor":48,"gold_loss":0,"cards_obtained":["TalkToTheHand"]}],"is_beta":false,"boss_relics":[{"not_picked":["Ectoplasm","Busted Crown"],"picked":"SlaversCollar"},{"not_picked":["VioletLotus","SacredBark"],"picked":"Pandora\u0027s Box"}],"items_purged_floors":[36],"is_endless":false,"potions_floor_spawned":[3,5,10,12,13,22,27,31,33,39,41,42],"killed_by":"Time Eater","ascension_level":20}