{"gold_per_floor":[118,118,193,193,193,227,227,257,257,270,270,296,11,25,25,99,99,115,115,85,50,64,64,114,149,173,173,15,46,70,89,89,89],"floor_reached":33,"playtime":2021,"items_purged":[],"score":698,"play_id":"6dc259f2-2fc3-4dfa-aa7c-ded69b44b42b","local_time":"20220414234030","is_ascension_mode":true,"campfire_choices":[{"data":"Zap","floor":7.0,"key":"SMITH"},{"data":"Hologram","floor":11.0,"key":"SMITH"},{"floor":15,"key":"REST"},{"floor":23,"key":"REST"},{"data":"Capacitor","floor":27,"key":"SMITH"},{"floor":32,"key":"REST"}],"neow_cost":"NONE","seed_source_timestamp":929618053159700,"circlet_count":0,"master_deck":["AscendersBane","Strike_B","Strike_B+1","Strike_B","Strike_B","Defend_B","Defend_B","Defend_B","Defend_B","Zap+1","Dualcast","Ball Lightning+1","Genetic Algorithm","Hologram+1","Cold Snap","Capacitor+1","Echo Form","Reinforced Body+1","Hello World","Skim"],"special_seed":0,"relics":["Cracked Core","NeowsBlessing","Pear","Art of War","StoneCalendar","Centennial Puzzle","Matryoshka","Blue Candle","Meat on the Bone","Snecko Eye","Thread and Needle","Mummified Hand","Nunchaku","Membership Card","Whetstone","Anchor","Bottled Tornado"],"potions_floor_usage":[16,22,25,33],"damage_taken":[{"damage":0.0,"enemies":"Jaw Worm","floor":1.0,"turns":1.0},{"damage":0.0,"enemies":"Gremlin Nob","floor":6.0,"turns":1.0},{"damage":0.0,"enemies":"3 Sentries","floor":8.0,"turns":1.0},{"damage":8.0,"enemies":"2 Louse","floor":10.0,"turns":2.0},{"damage":46.0,"enemies":"Gremlin Nob","floor":12.0,"turns":4.0},{"damage":1,"enemies":"Small Slimes","floor":14,"turns":4},{"damage":34,"enemies":"The Guardian","floor":16,"turns":9},{"damage":18,"enemies":"3 Byrds","floor":18,"turns":7},{"damage":14,"enemies":"2 Thieves","floor":21,"turns":5},{"damage":33,"enemies":"Centurion and Healer","floor":22,"turns":7},{"damage":11,"enemies":"Slavers","floor":25,"turns":5},{"damage":45,"enemies":"Book of Stabbing","floor":29,"turns":7},{"damage":12,"enemies":"Shelled Parasite and Fungi","floor":31,"turns":6},{"damage":57,"enemies":"Automaton","floor":33,"turns":10}],"seed_played":"-1238062901890643024","potions_obtained":[{"floor":8.0,"key":"DistilledChaos"},{"floor":14,"key":"AttackPotion"},{"floor":20,"key":"EssenceOfDarkness"},{"floor":20,"key":"Weak Potion"},{"floor":31,"key":"ColorlessPotion"}],"is_trial":false,"path_per_floor":["M","?","?","T","?","E","R","E","T","M","R","E","$","M","R","B",null,"M","?","?","M","M","R","?","E","T","R","$","E","T","M","R","B"],"character_chosen":"DEFECT","items_purchased":["Meat on the Bone","Membership Card"],"campfire_rested":3,"item_purchase_floors":[13,28],"current_hp_per_floor":[64,69,58,68,57,57,57,57,57,49,49,3,3,14,39,17,69,51,51,51,49,28,53,53,54,54,54,54,21,21,21,46,0],"gold":89,"neow_bonus":"THREE_ENEMY_KILL","is_prod":false,"is_daily":false,"chose_seed":false,"campfire_upgraded":3,"win_rate":0,"timestamp":1650004830,"path_taken":["M","?","?","?","?","E","R","E","T","M","R","E","$","M","R","BOSS","M","?","?","M","?","R","?","E","T","R","$","E","?","M","R","BOSS"],"build_version":"2022-03-07","purchased_purges":0,"victory":false,"max_hp_per_floor":[71,76,76,86,86,86,86,86,86,86,86,86,86,86,86,86,86,86,86,86,86,86,86,86,86,86,86,86,86,86,86,86,86],"card_choices":[{"not_picked":["Redo","Rip and Tear"],"picked":"Ball Lightning","floor":1.0},{"not_picked":["Turbo","Compile Driver"],"picked":"Genetic Algorithm","floor":6.0},{"not_picked":["Double Energy","Beam Cell","Redo"],"picked":"SKIP","floor":8.0},{"not_picked":["Streamline","Heatsinks"],"picked":"Hologram","floor":10.0},{"not_picked":["Rainbow","Conserve Battery"],"picked":"Cold Snap","floor":12.0},{"not_picked":["Turbo","Steam"],"picked":"Capacitor","floor":14},{"not_picked":["Rainbow","Creative AI"],"picked":"Echo Form","floor":16},{"not_picked":["Steam","Leap","Rebound"],"picked":"SKIP","floor":18},{"not_picked":["Consume","Fusion"],"picked":"Reinforced Body+1","floor":21},{"not_picked":["Rebound","Gash"],"picked":"Hello World","floor":22},{"not_picked":["Gash","Barrage","FTL"],"picked":"SKIP","floor":25},{"not_picked":["Stack","Leap"],"picked":"Skim","floor":29},{"not_picked":["Turbo","Cold Snap","White Noise"],"picked":"SKIP","floor":31}],"player_experience":933338,"relics_obtained":[{"floor":4.0,"key":"Pear"},{"floor":6.0,"key":"StoneCalendar"},{"floor":8.0,"key":"Centennial Puzzle"},{"floor":9.0,"key":"Matryoshka"},{"floor":12.0,"key":"Blue Candle"},{"floor":25,"key":"Thread and Needle"},{"floor":26,"key":"Mummified Hand"},{"floor":26,"key":"Nunchaku"},{"floor":29,"key":"Whetstone"},{"floor":30,"key":"Anchor"},{"floor":30,"key":"Bottled Tornado"}],"event_choices":[{"damage_healed":0.0,"max_hp_gain":5.0,"max_hp_loss":0.0,"gold_gain":0.0,"event_name":"Big Fish","player_choice":"Donut","floor":2.0,"gold_loss":0.0,"damage_taken":0.0},{"damage_healed":0.0,"max_hp_gain":0.0,"max_hp_loss":0.0,"gold_gain":75.0,"event_name":"World of Goop","player_choice":"Gather Gold","floor":3.0,"gold_loss":0.0,"damage_taken":11.0},{"damage_healed":0.0,"max_hp_gain":0.0,"max_hp_loss":0.0,"gold_gain":0.0,"event_name":"Scrap Ooze","player_choice":"Success","floor":5.0,"gold_loss":0.0,"damage_taken":11.0,"relics_obtained":["Art of War"]},{"damage_healed":0,"gold_gain":0,"player_choice":"Ignored","damage_taken":0,"max_hp_gain":0,"max_hp_loss":0,"event_name":"Ghosts","floor":19,"gold_loss":0},{"damage_healed":0,"gold_gain":0,"player_choice":"Bought 2 Potions","damage_taken":0,"max_hp_gain":0,"max_hp_loss":0,"event_name":"The Woman in Blue","floor":20,"gold_loss":0},{"damage_healed":0,"gold_gain":50,"player_choice":"Stole From Cult","damage_taken":0,"max_hp_gain":0,"max_hp_loss":0,"event_name":"Nest","floor":24,"gold_loss":0}],"is_beta":false,"boss_relics":[{"not_picked":["Velvet Choker","Runic Dome"],"picked":"Snecko Eye"}],"items_purged_floors":[],"is_endless":false,"potions_floor_spawned":[8,14,31],"killed_by":"Automaton","ascension_level":20}