{"gold_per_floor":[133,172,230,230,101,101,144,217,266,266,334,334,259,298,298,396,396,442,490,76,76,94,94,159,208,208,229,38,72,90,106,106,201,201,219,219,274,319,63,104,104,144,226,226,60,60,393,438,438,438,463,463,463,120,150,150],"floor_reached":57,"playtime":2457,"items_purged":["Defend_P","Defend_P","Strike_P","Strike_P","Strike_P+1"],"score":3361,"play_id":"02a43d7b-bd6e-4760-afa9-1820c4d96f88","local_time":"20220418200702","is_ascension_mode":true,"campfire_choices":[{"data":"HandOfGreed","floor":6.0,"key":"SMITH"},{"data":"Adaptation","floor":10.0,"key":"SMITH"},{"data":"Eruption","floor":15.0,"key":"SMITH"},{"data":"Halt","floor":23.0,"key":"SMITH"},{"floor":32.0,"key":"REST"},{"data":"MentalFortress","floor":41.0,"key":"SMITH"},{"floor":44.0,"key":"REST"},{"floor":46.0,"key":"RECALL"},{"floor":49.0,"key":"REST"},{"floor":53.0,"key":"REST"}],"neow_cost":"TEN_PERCENT_HP_LOSS","seed_source_timestamp":1261948353230400,"circlet_count":0,"master_deck":["AscendersBane","Eruption+1","Vigilance+1","HandOfGreed+1","Tantrum+1","FlurryOfBlows+1","Adaptation+1","EmptyFist+1","Halt+1","ClearTheMind+1","LessonLearned+1","FlurryOfBlows+1","Halt+1","Tantrum+1","Adaptation+1","Halt+1","EmptyMind+1","MentalFortress+1","MentalFortress+1"],"special_seed":0,"relics":["HolyWater","Gremlin Horn","Nunchaku","Dream Catcher","Tiny Chest","Blue Candle","Empty Cage","Membership Card","PreservedInsect","Anchor","MutagenicStrength","StoneCalendar","War Paint","StrikeDummy","Oddly Smooth Stone","Shuriken","Damaru","Pen Nib","HornCleat","Calipers","Strawberry","Cauldron","Boot","InkBottle"],"potions_floor_usage":[56],"damage_taken":[{"damage":4.0,"enemies":"Jaw Worm","floor":1.0,"turns":6.0},{"damage":7.0,"enemies":"Small Slimes","floor":2.0,"turns":3.0},{"damage":0.0,"enemies":"2 Louse","floor":3.0,"turns":4.0},{"damage":0.0,"enemies":"Gremlin Nob","floor":7.0,"turns":2.0},{"damage":1.0,"enemies":"Large Slime","floor":8.0,"turns":5.0},{"damage":0.0,"enemies":"3 Sentries","floor":11.0,"turns":4.0},{"damage":0.0,"enemies":"Gremlin Nob","floor":14.0,"turns":2.0},{"damage":13.0,"enemies":"Hexaghost","floor":16.0,"turns":5.0},{"damage":3.0,"enemies":"Spheric Guardian","floor":18.0,"turns":3.0},{"damage":0.0,"enemies":"Shell Parasite","floor":19.0,"turns":1.0},{"damage":0.0,"enemies":"Cultist and Chosen","floor":22.0,"turns":3.0},{"damage":0.0,"enemies":"Slavers","floor":24.0,"turns":2.0},{"damage":0.0,"enemies":"Snecko","floor":25.0,"turns":3.0},{"damage":9.0,"enemies":"Centurion and Healer","floor":27.0,"turns":7.0},{"damage":0.0,"enemies":"Gremlin Leader","floor":29.0,"turns":3.0},{"damage":0.0,"enemies":"Snake Plant","floor":30.0,"turns":1.0},{"damage":13.0,"enemies":"Snecko","floor":31.0,"turns":4.0},{"damage":0.0,"enemies":"Collector","floor":33.0,"turns":4.0},{"damage":3.0,"enemies":"3 Darklings","floor":35.0,"turns":2.0},{"damage":12.0,"enemies":"3 Shapes","floor":38.0,"turns":6.0},{"damage":0.0,"enemies":"Reptomancer","floor":40.0,"turns":3.0},{"damage":3.0,"enemies":"Giant Head","floor":42.0,"turns":4.0},{"damage":0.0,"enemies":"Maw","floor":48.0,"turns":3.0},{"damage":34.0,"enemies":"Time Eater","floor":50.0,"turns":7.0},{"damage":0.0,"enemies":"Donu and Deca","floor":51.0,"turns":4.0},{"damage":0.0,"enemies":"Shield and Spear","floor":55.0,"turns":3.0},{"damage":2,"enemies":"The Heart","floor":56,"turns":7}],"seed_played":"-8801461962979551435","potions_obtained":[{"floor":1.0,"key":"Strength Potion"},{"floor":7.0,"key":"BlessingOfTheForge"},{"floor":14.0,"key":"LiquidBronze"},{"floor":19.0,"key":"SpeedPotion"},{"floor":29.0,"key":"EntropicBrew"},{"floor":30.0,"key":"Dexterity Potion"},{"floor":31.0,"key":"SkillPotion"},{"floor":35.0,"key":"Explosive Potion"},{"floor":42.0,"key":"GamblersBrew"},{"floor":54.0,"key":"DistilledChaos"},{"floor":54.0,"key":"GamblersBrew"},{"floor":55.0,"key":"DistilledChaos"}],"is_trial":false,"path_per_floor":["M","M","M","?","$","R","E","M","T","R","E","?","?","E","R","B",null,"M","M","$","?","M","R","E","M","T","M","$","E","M","M","R","B",null,"M","?","T","M","$","E","R","E","T","R","$","R","?","M","R","B","B",null,"R","$","E","B",null],"character_chosen":"WATCHER","items_purchased":["EmptyFist","Membership Card","PreservedInsect","Anchor","Halt","Adaptation","War Paint","MentalFortress","Shuriken","Calipers","Strawberry","Cauldron","Boot"],"campfire_rested":4,"item_purchase_floors":[5,20,20,20,20,28,28,39,39,45,54,54,54],"current_hp_per_floor":[57,50,50,50,50,50,50,49,49,49,49,38,38,38,38,25,48,45,45,45,45,45,45,45,45,45,36,36,36,36,23,39,39,52,49,49,49,37,37,37,37,34,34,50,50,50,50,50,56,22,22,48,56,63,63,61],"gold":150,"neow_bonus":"RANDOM_COLORLESS_2","is_prod":false,"is_daily":false,"chose_seed":false,"campfire_upgraded":5,"win_rate":0,"timestamp":1650337622,"path_taken":["M","M","M","?","$","R","E","M","T","R","E","?","?","E","R","BOSS","M","M","$","?","M","R","E","M","T","M","$","E","M","M","R","BOSS","M","?","?","M","$","E","R","E","T","R","$","R","?","M","R","BOSS","BOSS","R","$","E","BOSS"],"build_version":"2022-03-07","purchased_purges":5,"victory":true,"max_hp_per_floor":[62,62,62,56,56,56,56,56,56,56,56,56,56,56,56,56,56,56,56,56,56,56,56,56,56,56,56,56,56,56,56,56,56,56,56,56,56,56,56,56,56,56,56,56,56,56,56,56,56,56,56,56,56,63,63,63],"card_choices":[{"not_picked":["Violence","The Bomb"],"picked":"HandOfGreed","floor":0.0},{"not_picked":["ThirdEye","Halt"],"picked":"Tantrum","floor":1.0},{"not_picked":["ThirdEye","BowlingBash"],"picked":"FlurryOfBlows","floor":2.0},{"not_picked":["JustLucky","Establishment"],"picked":"Adaptation","floor":3.0},{"not_picked":["Fasting2","SignatureMove"],"picked":"Halt","floor":7.0},{"not_picked":["SashWhip","Worship"],"picked":"ClearTheMind","floor":8.0},{"not_picked":["WindmillStrike","EmptyFist","SashWhip"],"picked":"SKIP","floor":11.0},{"not_picked":["Evaluate","SandsOfTime","Consecrate"],"picked":"SKIP","floor":14.0},{"not_picked":["Scrawl","DeusExMachina"],"picked":"LessonLearned","floor":16.0},{"not_picked":["Evaluate+1","JustLucky"],"picked":"FlurryOfBlows","floor":18.0},{"not_picked":["SandsOfTime","ThirdEye","Evaluate"],"picked":"SKIP","floor":19.0},{"not_picked":["WaveOfTheHand","PathToVictory","FlurryOfBlows"],"picked":"SKIP","floor":22.0},{"not_picked":["Brilliance","Consecrate","Conclude"],"picked":"SKIP","floor":24.0},{"not_picked":["SashWhip","ClearTheMind"],"picked":"Tantrum","floor":25.0},{"not_picked":["PathToVictory","LikeWater","CutThroughFate"],"picked":"SKIP","floor":27.0},{"not_picked":["Brilliance","Alpha","JustLucky"],"picked":"SKIP","floor":29.0},{"not_picked":["WheelKick","WindmillStrike"],"picked":"Halt","floor":30.0},{"not_picked":["PathToVictory","Worship","FollowUp"],"picked":"SKIP","floor":31.0},{"not_picked":["Crescendo+1","CutThroughFate+1","Consecrate"],"picked":"SKIP","floor":35.0},{"not_picked":["ThirdEye","Consecrate"],"picked":"EmptyMind+1","floor":38.0},{"not_picked":["FlurryOfBlows+1","EmptyBody","Brilliance"],"picked":"SKIP","floor":40.0},{"not_picked":["Weave","FlurryOfBlows","Devotion"],"picked":"SKIP","floor":42.0},{"not_picked":["Weave","FlurryOfBlows","Devotion"],"picked":"SKIP","floor":42.0},{"not_picked":["Worship","FlyingSleeves","Crescendo"],"picked":"SKIP","floor":48.0},{"not_picked":["CrushJoints","ClearTheMind"],"picked":"MentalFortress","floor":49.0},{"not_picked":["Conclude+1","Worship","Halt"],"picked":"SKIP","floor":55.0}],"player_experience":955425,"relics_obtained":[{"floor":7.0,"key":"Gremlin Horn"},{"floor":9.0,"key":"Nunchaku"},{"floor":11.0,"key":"Dream Catcher"},{"floor":14.0,"key":"Blue Candle"},{"floor":24.0,"key":"StoneCalendar"},{"floor":29.0,"key":"StrikeDummy"},{"floor":37.0,"key":"Oddly Smooth Stone"},{"floor":40.0,"key":"Damaru"},{"floor":42.0,"key":"Pen Nib"},{"floor":43.0,"key":"HornCleat"},{"floor":55.0,"key":"InkBottle"}],"event_choices":[{"damage_healed":0.0,"max_hp_gain":0.0,"max_hp_loss":6.0,"gold_gain":0.0,"event_name":"Golden Idol","player_choice":"Lose Max HP","floor":4.0,"gold_loss":0.0,"damage_taken":0.0,"relics_obtained":["Golden Idol"]},{"damage_healed":0.0,"max_hp_gain":0.0,"max_hp_loss":0.0,"gold_gain":0.0,"event_name":"Scrap Ooze","player_choice":"Success","floor":12.0,"gold_loss":0.0,"damage_taken":11.0,"relics_obtained":["Tiny Chest"]},{"cards_removed":["Strike_P"],"damage_healed":0.0,"max_hp_gain":0.0,"max_hp_loss":0.0,"gold_gain":0.0,"event_name":"The Cleric","player_choice":"Card Removal","floor":13.0,"gold_loss":75.0,"damage_taken":0.0},{"damage_healed":0.0,"max_hp_gain":0.0,"max_hp_loss":0.0,"gold_gain":0.0,"event_name":"Drug Dealer","player_choice":"Inject Mutagens","floor":21.0,"gold_loss":0.0,"damage_taken":0.0,"relics_obtained":["MutagenicStrength"]},{"damage_healed":0.0,"max_hp_gain":0.0,"max_hp_loss":0.0,"gold_gain":0.0,"event_name":"Tomb of Lord Red Mask","player_choice":"Ignored","floor":36.0,"gold_loss":0.0,"damage_taken":0.0},{"damage_healed":0.0,"max_hp_gain":0.0,"max_hp_loss":0.0,"gold_gain":333.0,"event_name":"The Moai Head","player_choice":"Gave Idol","floor":47.0,"relics_lost":["Golden Idol"],"gold_loss":0.0,"damage_taken":0.0}],"is_beta":false,"boss_relics":[{"not_picked":["Cursed Key","Philosopher\u0027s Stone"],"picked":"Empty Cage"},{"not_picked":["Velvet Choker","Snecko Eye"],"picked":"HolyWater"}],"items_purged_floors":[5,20,28,39,54],"is_endless":false,"potions_floor_spawned":[1,7,8,14,19,22,29,30,31,35,42,55],"ascension_level":20}