{"gold_per_floor":[16,34,49,69,13,43,43,73,96,106,116,116,146,158,158,229,229,245,259,24,24,24,24,50,68,68,79,4,39,59,2,2,81,81,97,372,388,288,302,337,337,370,440,440,474,485,504,161,161,161,161,161,161,1,34,34],"floor_reached":57,"playtime":9429,"items_purged":["Strike_G","Regret","Choke"],"score":3133,"play_id":"d81c0ca8-1ca4-45cc-be34-4013461e9cd4","local_time":"20220420113938","is_ascension_mode":true,"campfire_choices":[{"floor":15.0,"key":"REST"},{"floor":23.0,"key":"RECALL"},{"floor":32.0,"key":"REST"},{"data":"Die Die Die","floor":44.0,"key":"PURGE"},{"floor":49,"key":"REST"},{"data":"Caltrops","floor":53,"key":"PURGE"}],"neow_cost":"NO_GOLD","seed_source_timestamp":0,"circlet_count":0,"master_deck":["AscendersBane","Survivor","Neutralize+1","Apotheosis","Backflip+1","Calculated Gamble","Envenom","Endless Agony","Blade Dance","Tactician","Bouncing Flask","After Image","Noxious Fumes","Adrenaline","Backflip","Ghostly","Ghostly","Ghostly","Calculated Gamble","Backflip","Escape Plan+1","Footwork","Well Laid Plans","Blade Dance+1","Tactician","After Image","Reflex","Crippling Poison","Backflip","Deflect","Prepared+1","Accuracy+1","Blur+1","Night Terror","Acrobatics","Reflex+1","Acrobatics+1","Acrobatics+1","Finesse"],"special_seed":0,"relics":["Ring of the Snake","Pen Nib","Ancient Tea Set","Dream Catcher","Potion Belt","Fusion Hammer","Nunchaku","MealTicket","Paper Crane","Regal Pillow","Pandora\u0027s Box","Peace Pipe","Singing Bowl","Anchor"],"potions_floor_usage":[50,51,55,56,56],"damage_taken":[{"damage":0.0,"enemies":"Cultist","floor":1.0,"turns":4.0},{"damage":0.0,"enemies":"2 Louse","floor":2.0,"turns":4.0},{"damage":6.0,"enemies":"Small Slimes","floor":3.0,"turns":6.0},{"damage":0.0,"enemies":"Looter","floor":4.0,"turns":4.0},{"damage":3.0,"enemies":"Gremlin Nob","floor":6.0,"turns":3.0},{"damage":0.0,"enemies":"Lagavulin","floor":8.0,"turns":6.0},{"damage":15.0,"enemies":"Exordium Thugs","floor":10.0,"turns":6.0},{"damage":0.0,"enemies":"Red Slaver","floor":11.0,"turns":3.0},{"damage":5.0,"enemies":"3 Sentries","floor":13.0,"turns":5.0},{"damage":8.0,"enemies":"Large Slime","floor":14.0,"turns":6.0},{"damage":15.0,"enemies":"Hexaghost","floor":16.0,"turns":9.0},{"damage":9.0,"enemies":"2 Thieves","floor":18.0,"turns":5.0},{"damage":10.0,"enemies":"Chosen","floor":19.0,"turns":5.0},{"damage":32.0,"enemies":"Book of Stabbing","floor":24.0,"turns":6.0},{"damage":6.0,"enemies":"Shelled Parasite and Fungi","floor":25.0,"turns":8.0},{"damage":0.0,"enemies":"Snake Plant","floor":27.0,"turns":5.0},{"damage":6.0,"enemies":"Gremlin Leader","floor":29.0,"turns":6.0},{"damage":0.0,"enemies":"Sentry and Sphere","floor":30.0,"turns":5.0},{"damage":0.0,"enemies":"Champ","floor":33.0,"turns":12.0},{"damage":0.0,"enemies":"3 Darklings","floor":35.0,"turns":6.0},{"damage":1.0,"enemies":"Orb Walker","floor":37.0,"turns":4.0},{"damage":0.0,"enemies":"Maw","floor":39.0,"turns":5.0},{"damage":4.0,"enemies":"Reptomancer","floor":40.0,"turns":6.0},{"damage":6.0,"enemies":"Nemesis","floor":42.0,"turns":7.0},{"damage":1.0,"enemies":"Reptomancer","floor":45.0,"turns":8.0},{"damage":31.0,"enemies":"Jaw Worm Horde","floor":46.0,"turns":6.0},{"damage":1,"enemies":"3 Darklings","floor":47,"turns":5},{"damage":0,"enemies":"Time Eater","floor":50,"turns":10},{"damage":16,"enemies":"Donu and Deca","floor":51,"turns":8},{"damage":0,"enemies":"Shield and Spear","floor":55,"turns":5},{"damage":38,"enemies":"The Heart","floor":56,"turns":11}],"seed_played":"5821688593313858838","potions_obtained":[{"floor":3.0,"key":"SteroidPotion"},{"floor":4.0,"key":"Energy Potion"},{"floor":6.0,"key":"Strength Potion"},{"floor":10.0,"key":"Ancient Potion"},{"floor":11.0,"key":"Strength Potion"},{"floor":18.0,"key":"SteroidPotion"},{"floor":25.0,"key":"CunningPotion"},{"floor":29.0,"key":"AttackPotion"},{"floor":33.0,"key":"AttackPotion"},{"floor":39.0,"key":"Regen Potion"},{"floor":40.0,"key":"CultistPotion"},{"floor":42.0,"key":"DuplicationPotion"},{"floor":55,"key":"SteroidPotion"}],"is_trial":false,"path_per_floor":["M","M","M","M","$","E","?","E","T","M","M","?","E","M","R","B",null,"M","M","$","?","?","R","E","M","T","M","$","E","M","$","R","B",null,"M","?","M","$","M","E","?","E","T","R","E","M","M","$","R","B","B",null,"R","$","E","B",null],"character_chosen":"THE_SILENT","items_purchased":["Blade Dance","Nunchaku","Footwork","Swift Potion","CultistPotion","Finesse","GhostInAJar","FearPotion"],"campfire_rested":3,"item_purchase_floors":[5,20,28,31,48,48,54,54],"current_hp_per_floor":[59,59,53,53,53,50,30,30,30,15,15,15,10,2,21,6,51,42,32,32,32,43,43,11,5,5,5,20,14,14,29,43,43,43,43,43,42,43,43,39,39,33,33,33,43,14,13,28,47,47,31,43,43,47,49,11],"gold":34,"neow_bonus":"RANDOM_COLORLESS_2","is_prod":false,"is_daily":false,"chose_seed":false,"campfire_upgraded":0,"win_rate":0,"timestamp":1650479978,"path_taken":["M","?","M","M","$","E","?","E","T","M","M","?","E","M","R","BOSS","M","M","$","?","?","R","E","M","T","M","$","E","?","?","R","BOSS","M","?","M","$","?","E","?","E","T","R","E","?","M","?","R","BOSS","BOSS","R","$","E","BOSS"],"build_version":"2022-03-07","purchased_purges":3,"victory":true,"max_hp_per_floor":[66,66,66,66,66,66,66,66,66,66,66,66,66,66,66,66,66,66,66,66,33,43,43,43,43,43,43,43,43,43,43,43,43,43,43,43,43,43,43,43,43,43,43,43,43,45,45,45,47,47,47,47,47,47,49,49],"card_choices":[{"not_picked":["Transmutation","Panache"],"picked":"Apotheosis","floor":0.0},{"not_picked":["Finisher","Choke"],"picked":"Backflip","floor":1.0},{"not_picked":["Backflip","Slice"],"picked":"Calculated Gamble","floor":2.0},{"not_picked":["Cloak And Dagger","Setup"],"picked":"Envenom","floor":3.0},{"not_picked":["Slice","Prepared"],"picked":"Endless Agony","floor":4.0},{"not_picked":["Bane","Heel Hook","Dagger Throw"],"picked":"SKIP","floor":6.0},{"not_picked":["Concentrate","Flying Knee"],"picked":"Tactician","floor":8.0},{"not_picked":["Outmaneuver","Bane","Dagger Throw"],"picked":"SKIP","floor":10.0},{"not_picked":["Flying Knee","Poisoned Stab"],"picked":"Envenom","floor":11.0},{"not_picked":["Underhanded Strike","Leg Sweep"],"picked":"After Image","floor":13.0},{"not_picked":["Dodge and Roll","Underhanded Strike","Slice"],"picked":"SKIP","floor":14.0},{"not_picked":["Tactician","Cloak And Dagger"],"picked":"Noxious Fumes","floor":15.0},{"not_picked":["Phantasmal Killer","Corpse Explosion"],"picked":"Adrenaline","floor":16.0},{"not_picked":["Slice","Quick Slash","PiercingWail"],"picked":"SKIP","floor":18.0},{"not_picked":["Eviscerate","Cloak And Dagger"],"picked":"Backflip","floor":19.0},{"not_picked":["Leg Sweep","PiercingWail"],"picked":"Calculated Gamble","floor":24.0},{"not_picked":["Dodge and Roll","Dagger Throw"],"picked":"Backflip","floor":25.0},{"not_picked":["Sucker Punch","Outmaneuver"],"picked":"Escape Plan+1","floor":27.0},{"not_picked":["Underhanded Strike+1","PiercingWail"],"picked":"Well Laid Plans","floor":29.0},{"not_picked":["Poisoned Stab","Sucker Punch"],"picked":"Blade Dance+1","floor":30.0},{"not_picked":["Cloak And Dagger","Crippling Poison"],"picked":"Tactician","floor":32.0},{"not_picked":["Wraith Form v2","Doppelganger"],"picked":"After Image","floor":33.0},{"not_picked":["Blade Dance","Flechettes"],"picked":"Prepared+1","floor":35.0},{"not_picked":["Bouncing Flask+1","Cloak And Dagger+1"],"picked":"Accuracy+1","floor":37.0},{"not_picked":["Riddle With Holes","Quick Slash"],"picked":"Blur+1","floor":39.0},{"not_picked":["PiercingWail","Masterful Stab"],"picked":"Night Terror","floor":40.0},{"not_picked":["Choke","Distraction+1"],"picked":"Reflex+1","floor":42.0},{"not_picked":["Eviscerate","Accuracy+1"],"picked":"Acrobatics+1","floor":45.0},{"not_picked":["Quick Slash","Outmaneuver","Terror"],"picked":"Singing Bowl","floor":46.0},{"not_picked":["Deflect+1","Dodge and Roll"],"picked":"Acrobatics+1","floor":47},{"not_picked":["Prepared","Deflect","Quick Slash"],"picked":"Singing Bowl","floor":49},{"not_picked":["Finisher","Deadly Poison","All Out Attack"],"picked":"Singing Bowl","floor":55}],"player_experience":960805,"relics_obtained":[{"floor":6.0,"key":"Pen Nib"},{"floor":8.0,"key":"Ancient Tea Set"},{"floor":9.0,"key":"Dream Catcher"},{"floor":13.0,"key":"Potion Belt"},{"floor":24.0,"key":"MealTicket"},{"floor":26.0,"key":"Paper Crane"},{"floor":29.0,"key":"Regal Pillow"},{"floor":40.0,"key":"Peace Pipe"},{"floor":45.0,"key":"Singing Bowl"},{"floor":55,"key":"Anchor"}],"event_choices":[{"damage_healed":0.0,"max_hp_gain":0.0,"max_hp_loss":0.0,"gold_gain":0.0,"event_name":"Shining Light","player_choice":"Entered Light","floor":7.0,"gold_loss":0.0,"damage_taken":20.0,"cards_upgraded":["Backflip","Neutralize"]},{"damage_healed":0.0,"max_hp_gain":0.0,"max_hp_loss":0.0,"gold_gain":0.0,"cards_transformed":["Strike_G"],"event_name":"Living Wall","player_choice":"Change","floor":12.0,"gold_loss":0.0,"damage_taken":0.0,"cards_obtained":["Bouncing Flask"]},{"damage_healed":0.0,"max_hp_gain":0.0,"max_hp_loss":33.0,"gold_gain":0.0,"event_name":"Ghosts","player_choice":"Became a Ghost","floor":21.0,"gold_loss":0.0,"damage_taken":0.0,"cards_obtained":["Ghostly","Ghostly","Ghostly"]},{"cards_removed":["Envenom"],"damage_healed":1.0,"max_hp_gain":10.0,"max_hp_loss":0.0,"gold_gain":0.0,"event_name":"Bonfire Elementals","player_choice":"Offered Rare","floor":22.0,"gold_loss":0.0,"damage_taken":0.0},{"damage_healed":0.0,"max_hp_gain":0.0,"max_hp_loss":0.0,"gold_gain":275.0,"event_name":"Golden Shrine","player_choice":"Desecrate","floor":36.0,"gold_loss":0.0,"damage_taken":0.0,"cards_obtained":["Regret"]},{"damage_healed":0.0,"max_hp_gain":0.0,"max_hp_loss":0.0,"gold_gain":0.0,"cards_transformed":["All Out Attack"],"event_name":"Transmorgrifier","player_choice":"Transformed","floor":41.0,"gold_loss":0.0,"damage_taken":0.0,"cards_obtained":["Acrobatics"]}],"is_beta":false,"boss_relics":[{"not_picked":["Philosopher\u0027s Stone","Cursed Key"],"picked":"Fusion Hammer"},{"not_picked":["SlaversCollar","Astrolabe"],"picked":"Pandora\u0027s Box"}],"items_purged_floors":[20,38,48],"is_endless":false,"potions_floor_spawned":[3,4,6,10,11,18,25,29,33,39,40,42,55],"ascension_level":20}