{"gold_per_floor":[111,111,126,140,140,170,186,215,283,317,317,317,342,361,361,436,436,454,344,359,370,384,384,417,342,342,342,30,59,74,100,100,177,177,189,209,1208,1208,1227,1262,1262,1277,1277,1290,1301,1356,1366,7,7,7,7,7,7,7,42,42],"floor_reached":57,"playtime":3776,"items_purged":["Strike_R","Normality"],"score":2877,"play_id":"f932334f-f8bb-41bf-b200-485dd8cf3a53","local_time":"20220420235951","is_ascension_mode":true,"campfire_choices":[{"floor":12.0,"key":"REST"},{"data":"Immolate","floor":15.0,"key":"SMITH"},{"floor":23.0,"key":"REST"},{"data":"Exhume","floor":27.0,"key":"SMITH"},{"data":"True Grit","floor":32.0,"key":"SMITH"},{"floor":49,"key":"RECALL"},{"floor":53,"key":"REST"}],"neow_cost":"NONE","seed_source_timestamp":61473902886800,"circlet_count":0,"master_deck":["AscendersBane","Strike_R","Strike_R","Strike_R","Defend_R+1","Defend_R","Defend_R+1","Bash","Shrug It Off","Clothesline","Spot Weakness+1","Evolve","Shrug It Off","Metallicize","Immolate+1","True Grit","Reaper","True Grit+1","Ghostly Armor","True Grit+1","Inflame+1","Exhume+1","Anger","Anger+1","Offering","Normality","True Grit","Corruption","Shrug It Off","Bloodletting+1","Feel No Pain","Limit Break","True Grit","Armaments","Impervious","Sentinel","Metallicize","Dark Embrace","Fire Breathing","Fire Breathing","Feel No Pain","Dark Embrace","Inflame"],"special_seed":0,"relics":["SlaversCollar","CaptainsWheel","Unceasing Top","The Courier","Potion Belt","PreservedInsect","Runic Pyramid","Letter Opener","Meat on the Bone","Membership Card","Bronze Scales","FossilizedHelix","Nunchaku","Fusion Hammer","Happy Flower","Thread and Needle","Bottled Tornado","Question Card","Mercury Hourglass","Pear","White Beast Statue","Anchor","Paper Frog","Ginger","Pantograph"],"potions_floor_usage":[40,41,42,45,46,46,51,56,56],"damage_taken":[{"damage":14.0,"enemies":"Jaw Worm","floor":1.0,"turns":5.0},{"damage":0.0,"enemies":"Small Slimes","floor":3.0,"turns":4.0},{"damage":0.0,"enemies":"Cultist","floor":4.0,"turns":3.0},{"damage":7.0,"enemies":"Lagavulin","floor":6.0,"turns":5.0},{"damage":20.0,"enemies":"3 Louse","floor":7.0,"turns":4.0},{"damage":8.0,"enemies":"3 Sentries","floor":8.0,"turns":8.0},{"damage":8.0,"enemies":"Lagavulin","floor":10.0,"turns":7.0},{"damage":4.0,"enemies":"3 Sentries","floor":13.0,"turns":6.0},{"damage":0.0,"enemies":"Exordium Wildlife","floor":14.0,"turns":2.0},{"damage":2.0,"enemies":"Slime Boss","floor":16.0,"turns":8.0},{"damage":2.0,"enemies":"Spheric Guardian","floor":18.0,"turns":5.0},{"damage":1.0,"enemies":"Chosen","floor":20.0,"turns":7.0},{"damage":23.0,"enemies":"Snecko","floor":21.0,"turns":7.0},{"damage":25.0,"enemies":"Shelled Parasite and Fungi","floor":22.0,"turns":7.0},{"damage":7.0,"enemies":"Gremlin Leader","floor":24.0,"turns":4.0},{"damage":15.0,"enemies":"Book of Stabbing","floor":29.0,"turns":4.0},{"damage":36.0,"enemies":"Chosen and Byrds","floor":30.0,"turns":7.0},{"damage":43.0,"enemies":"Slavers","floor":31.0,"turns":6.0},{"damage":51.0,"enemies":"Champ","floor":33.0,"turns":12.0},{"damage":0.0,"enemies":"Orb Walker","floor":35.0,"turns":4.0},{"damage":52.0,"enemies":"3 Darklings","floor":36.0,"turns":8.0},{"damage":12,"enemies":"Writhing Mass","floor":39,"turns":7},{"damage":41,"enemies":"Nemesis","floor":40,"turns":9},{"damage":0,"enemies":"Spire Growth","floor":41,"turns":2},{"damage":58,"enemies":"4 Shapes","floor":42,"turns":8},{"damage":14,"enemies":"Sphere and 2 Shapes","floor":44,"turns":6},{"damage":6,"enemies":"Transient","floor":45,"turns":6},{"damage":19,"enemies":"2 Orb Walkers","floor":46,"turns":4},{"damage":30,"enemies":"Writhing Mass","floor":47,"turns":9},{"damage":0,"enemies":"Awakened One","floor":50,"turns":7},{"damage":11,"enemies":"Time Eater","floor":51,"turns":9},{"damage":40,"enemies":"Shield and Spear","floor":55,"turns":6},{"damage":125,"enemies":"The Heart","floor":56,"turns":11}],"seed_played":"-7377308179385544670","potions_obtained":[{"floor":3.0,"key":"Energy Potion"},{"floor":8.0,"key":"Swift Potion"},{"floor":13.0,"key":"Energy Potion"},{"floor":14.0,"key":"LiquidMemories"},{"floor":16.0,"key":"SkillPotion"},{"floor":20.0,"key":"Strength Potion"},{"floor":21.0,"key":"BloodPotion"},{"floor":24.0,"key":"GamblersBrew"},{"floor":33.0,"key":"FairyPotion"},{"floor":36.0,"key":"SmokeBomb"},{"floor":39,"key":"DistilledChaos"},{"floor":42,"key":"AttackPotion"},{"floor":44,"key":"ColorlessPotion"},{"floor":55,"key":"SkillPotion"}],"is_trial":false,"path_per_floor":["M","?","M","M","?","E","M","E","T","E","?","R","E","M","R","B",null,"M","?","M","M","M","R","E","?","T","R","$","E","M","E","R","B",null,"M","M","?","?","M","E","M","M","T","M","M","?","M","$","R","B","B",null,"R","$","E","B",null],"character_chosen":"IRONCLAD","items_purchased":["Membership Card","Bronze Scales","Anger","Swift Potion","Energy Potion","Feel No Pain","Limit Break","True Grit","Armaments","Impervious","Sentinel","Bottled Tornado","Metallicize","Dark Embrace","Fire Breathing","Fire Breathing","Feel No Pain","Dark Embrace","Question Card","Mercury Hourglass","Pear","White Beast Statue","Anchor","Paper Frog","Ginger","FairyPotion","GamblersBrew","BloodPotion"],"campfire_rested":3,"item_purchase_floors":[28,28,28,28,28,48,48,48,48,48,48,48,48,48,48,48,48,48,48,48,48,48,48,48,48,48,48,48],"current_hp_per_floor":[54,75,75,75,52,45,25,17,17,9,4,26,22,22,22,20,61,59,59,64,41,16,38,70,70,70,70,70,68,55,49,49,44,67,67,61,61,61,69,54,54,39,39,38,64,61,43,53,53,85,74,82,85,85,65,31],"gold":42,"neow_bonus":"BOSS_RELIC","is_prod":false,"is_daily":false,"chose_seed":false,"campfire_upgraded":3,"win_rate":0,"timestamp":1650524391,"path_taken":["M","?","M","M","?","E","M","E","T","E","?","R","E","M","R","BOSS","M","?","M","?","M","R","E","?","T","R","?","E","?","E","R","BOSS","M","?","?","?","M","E","M","M","T","M","M","?","M","$","R","BOSS","BOSS","R","$","E","BOSS"],"build_version":"2022-03-07","purchased_purges":2,"victory":true,"max_hp_per_floor":[75,75,75,75,75,75,75,75,75,75,75,75,75,75,75,75,75,75,75,75,75,75,75,75,75,75,75,75,75,75,75,75,75,75,75,75,75,75,75,75,75,75,75,75,75,75,75,85,85,85,85,85,85,85,85,85],"card_choices":[{"not_picked":["Flex","Thunderclap"],"picked":"Shrug It Off","floor":1.0},{"not_picked":["Ghostly Armor","Flex"],"picked":"Clothesline","floor":3.0},{"not_picked":["Havoc","Sword Boomerang"],"picked":"Spot Weakness","floor":4.0},{"not_picked":["Wild Strike","Second Wind"],"picked":"Evolve","floor":6.0},{"not_picked":["Warcry","Thunderclap"],"picked":"Shrug It Off","floor":7.0},{"not_picked":["Headbutt","Carnage"],"picked":"Metallicize","floor":8.0},{"not_picked":["Flex","Headbutt"],"picked":"Immolate","floor":10.0},{"not_picked":["Body Slam","Carnage","Clash"],"picked":"SKIP","floor":13.0},{"not_picked":["Dropkick","Blood for Blood"],"picked":"True Grit","floor":14.0},{"not_picked":["Fiend Fire","Impervious"],"picked":"Reaper","floor":16.0},{"not_picked":["Thunderclap","Dark Embrace"],"picked":"True Grit","floor":18.0},{"not_picked":["Sentinel","Headbutt"],"picked":"Ghostly Armor","floor":20.0},{"not_picked":["Clash","Fire Breathing"],"picked":"True Grit+1","floor":21.0},{"not_picked":["Pummel+1","Headbutt"],"picked":"Inflame+1","floor":22.0},{"not_picked":["Intimidate","Pommel Strike+1"],"picked":"Exhume","floor":24.0},{"not_picked":["Power Through","Headbutt"],"picked":"Anger+1","floor":29.0},{"not_picked":["Iron Wave+1","Havoc","Searing Blow"],"picked":"SKIP","floor":30.0},{"not_picked":["Evolve","Searing Blow","Sword Boomerang"],"picked":"SKIP","floor":31.0},{"not_picked":["Feed","Juggernaut"],"picked":"Offering","floor":33.0},{"not_picked":["Heavy Blade","Pommel Strike","Thunderclap"],"picked":"SKIP","floor":35.0},{"not_picked":["Battle Trance","Dropkick","Pummel"],"picked":"SKIP","floor":36.0},{"not_picked":["Cleave+1","Heavy Blade+1"],"picked":"True Grit","floor":39},{"not_picked":["Fire Breathing","Sentinel","Wild Strike+1"],"picked":"SKIP","floor":40},{"not_picked":["Shockwave","Iron Wave","Flex"],"picked":"SKIP","floor":42},{"not_picked":["Bloodletting","Blood for Blood"],"picked":"Corruption","floor":44},{"not_picked":["True Grit","Havoc","Sever Soul+1"],"picked":"SKIP","floor":45},{"not_picked":["Bloodletting","Headbutt"],"picked":"Shrug It Off","floor":46},{"not_picked":["Twin Strike+1","Iron Wave"],"picked":"Bloodletting+1","floor":47},{"not_picked":["Flame Barrier","True Grit","Power Through"],"picked":"Inflame","floor":55}],"player_experience":970741,"relics_obtained":[{"floor":6.0,"key":"CaptainsWheel"},{"floor":8.0,"key":"Unceasing Top"},{"floor":9.0,"key":"The Courier"},{"floor":10.0,"key":"Potion Belt"},{"floor":13.0,"key":"PreservedInsect"},{"floor":24.0,"key":"Letter Opener"},{"floor":26.0,"key":"Meat on the Bone"},{"floor":29.0,"key":"FossilizedHelix"},{"floor":31.0,"key":"Nunchaku"},{"floor":40,"key":"Happy Flower"},{"floor":46,"key":"Thread and Needle"},{"floor":55,"key":"Pantograph"}],"event_choices":[{"damage_healed":25.0,"max_hp_gain":0.0,"max_hp_loss":0.0,"gold_gain":0.0,"event_name":"Big Fish","player_choice":"Banana","floor":2.0,"gold_loss":0.0,"damage_taken":0.0},{"damage_healed":0.0,"max_hp_gain":0.0,"max_hp_loss":0.0,"gold_gain":0.0,"event_name":"Shining Light","player_choice":"Entered Light","floor":5.0,"gold_loss":0.0,"damage_taken":23.0,"cards_upgraded":["Defend_R","Spot Weakness"]},{"damage_healed":0.0,"max_hp_gain":0.0,"max_hp_loss":0.0,"gold_gain":0.0,"event_name":"Scrap Ooze","player_choice":"Fled","floor":11.0,"gold_loss":0.0,"damage_taken":5.0},{"cards_removed":["Strike_R"],"damage_healed":0.0,"max_hp_gain":0.0,"max_hp_loss":0.0,"gold_gain":0.0,"event_name":"Designer","player_choice":"Upgrade and Remove","floor":19.0,"gold_loss":110.0,"damage_taken":0.0,"cards_upgraded":["Defend_R"]},{"cards_removed":["Defend_R"],"damage_healed":0.0,"max_hp_gain":0.0,"max_hp_loss":0.0,"gold_gain":0.0,"event_name":"Beggar","player_choice":"Gave Gold","floor":25.0,"gold_loss":75.0,"damage_taken":0.0},{"damage_healed":0.0,"max_hp_gain":0.0,"max_hp_loss":0.0,"gold_gain":999.0,"event_name":"MindBloom","player_choice":"Gold","floor":37.0,"gold_loss":0.0,"damage_taken":0.0,"cards_obtained":["Normality","Normality"]},{"damage_healed":0.0,"max_hp_gain":0.0,"max_hp_loss":0.0,"gold_gain":0.0,"event_name":"Tomb of Lord Red Mask","player_choice":"Ignored","floor":38.0,"gold_loss":0.0,"damage_taken":0.0},{"damage_healed":0,"gold_gain":0,"player_choice":"Fight","damage_taken":0,"max_hp_gain":0,"max_hp_loss":0,"event_name":"Mysterious Sphere","floor":46,"gold_loss":0}],"is_beta":false,"boss_relics":[{"not_picked":["Cursed Key","Busted Crown"],"picked":"Runic Pyramid"},{"not_picked":["Mark of Pain","Calling Bell"],"picked":"Fusion Hammer"}],"items_purged_floors":[28,48],"is_endless":false,"potions_floor_spawned":[3,8,13,14,16,20,21,24,33,36,39,42,44,55],"ascension_level":20}