{"gold_per_floor":[116,133,152,172,172,207,88,119,142,154,54,54,54,72,72,150,150,161,36,36,62,75,75,91,102,102,136,153,163,198,217,217,293,293,305,323,173,173,193,193,193],"floor_reached":41,"playtime":1830,"items_purged":["Strike_G","Pain","Strike_G","Strike_G"],"score":944,"play_id":"ed990f12-f2e5-4be0-b555-b456871777dc","local_time":"20220415163216","is_ascension_mode":true,"campfire_choices":[{"floor":13,"key":"REST"},{"data":"Noxious Fumes","floor":15,"key":"SMITH"},{"floor":23,"key":"REST"},{"floor":32,"key":"RECALL"},{"floor":40,"key":"REST"}],"neow_cost":"TEN_PERCENT_HP_LOSS","seed_source_timestamp":990565389412000,"circlet_count":0,"master_deck":["AscendersBane","Strike_G","Defend_G","Defend_G","Defend_G","Defend_G","Defend_G","Survivor","Neutralize","Sadistic Nature","Riddle With Holes","Noxious Fumes+1","Deflect","Poisoned Stab","PiercingWail","Crippling Poison","Noxious Fumes","Backflip","Acrobatics","Bouncing Flask+1","Tactician","Escape Plan","Venomology","Backflip"],"relics":["Ring of the Serpent","WarpedTongs","Vajra","Bag of Preparation","Regal Pillow","Fusion Hammer","Blood Vial","Anchor","Bird Faced Urn"],"potions_floor_usage":[8,22,24,27,27,30,35,36,36,41,41],"damage_taken":[{"damage":1,"enemies":"Cultist","floor":1,"turns":4},{"damage":6,"enemies":"Small Slimes","floor":2,"turns":4},{"damage":0,"enemies":"2 Louse","floor":3,"turns":3},{"damage":8,"enemies":"Blue Slaver","floor":4,"turns":5},{"damage":24,"enemies":"3 Sentries","floor":6,"turns":6},{"damage":3,"enemies":"Lagavulin","floor":8,"turns":7},{"damage":10,"enemies":"Exordium Thugs","floor":10,"turns":5},{"damage":2,"enemies":"Lots of Slimes","floor":14,"turns":3},{"damage":2,"enemies":"Hexaghost","floor":16,"turns":8},{"damage":8,"enemies":"2 Thieves","floor":18,"turns":4},{"damage":9,"enemies":"Shell Parasite","floor":22,"turns":6},{"damage":0,"enemies":"Sentry and Sphere","floor":24,"turns":4},{"damage":0,"enemies":"Snecko","floor":25,"turns":5},{"damage":3,"enemies":"Gremlin Leader","floor":27,"turns":5},{"damage":0,"enemies":"Centurion and Healer","floor":28,"turns":5},{"damage":1,"enemies":"Snake Plant","floor":29,"turns":3},{"damage":14,"enemies":"Book of Stabbing","floor":30,"turns":5},{"damage":0,"enemies":"Chosen and Byrds","floor":31,"turns":3},{"damage":40,"enemies":"Champ","floor":33,"turns":12},{"damage":0,"enemies":"3 Shapes","floor":35,"turns":4},{"damage":7,"enemies":"Orb Walker","floor":36,"turns":4},{"damage":20,"enemies":"Maw","floor":39,"turns":6},{"damage":68,"enemies":"Giant Head","floor":41,"turns":7}],"seed_played":"-6017530946228003802","potions_obtained":[{"floor":4,"key":"Weak Potion"},{"floor":6,"key":"BlessingOfTheForge"},{"floor":8,"key":"GamblersBrew"},{"floor":10,"key":"DuplicationPotion"},{"floor":16,"key":"EntropicBrew"},{"floor":22,"key":"PowerPotion"},{"floor":27,"key":"AttackPotion"},{"floor":29,"key":"EssenceOfSteel"},{"floor":30,"key":"FearPotion"},{"floor":39,"key":"Ancient Potion"}],"is_trial":false,"path_per_floor":["M","M","M","M","?","E","$","E","T","M","$","?","R","M","R","B",null,"M","$","?","T","M","R","M","M","T","E","M","M","E","M","R","B",null,"M","M","$","?","M","R","E"],"character_chosen":"THE_SILENT","items_purchased":["Crippling Poison"],"campfire_rested":3,"item_purchase_floors":[7],"current_hp_per_floor":[58,52,52,44,44,20,20,17,17,7,7,7,40,38,38,36,54,46,46,46,46,39,60,60,60,60,57,59,59,46,54,54,20,50,58,53,53,53,40,60,0],"gold":193,"neow_bonus":"RANDOM_COLORLESS_2","is_prod":false,"is_daily":false,"chose_seed":false,"campfire_upgraded":1,"win_rate":0,"timestamp":1650065536,"path_taken":["M","M","?","M","?","E","$","E","T","M","?","?","R","M","R","BOSS","M","?","?","?","M","R","M","?","T","E","?","?","E","M","R","BOSS","M","M","$","?","M","R","E"],"build_version":"2022-03-07","purchased_purges":4,"victory":false,"max_hp_per_floor":[60,60,60,60,60,60,60,60,60,60,60,60,60,60,60,60,60,60,60,60,60,60,60,60,60,60,60,60,60,60,60,60,60,60,60,60,60,60,60,60,60],"card_choices":[{"not_picked":["Violence","Secret Weapon"],"picked":"Sadistic Nature","floor":0},{"not_picked":["Eviscerate","Catalyst"],"picked":"Riddle With Holes","floor":1},{"not_picked":["Cloak And Dagger","Deflect"],"picked":"Noxious Fumes","floor":2},{"not_picked":["Prepared","Distraction"],"picked":"Deflect","floor":3},{"not_picked":["PiercingWail","Prepared"],"picked":"Poisoned Stab","floor":4},{"not_picked":["Poisoned Stab","Outmaneuver"],"picked":"PiercingWail","floor":6},{"not_picked":["Crippling Poison","Glass Knife","Endless Agony"],"picked":"SKIP","floor":8},{"not_picked":["Flying Knee","Eviscerate","Skewer"],"picked":"SKIP","floor":10},{"not_picked":["Backflip","Poisoned Stab"],"picked":"Noxious Fumes","floor":14},{"not_picked":["Flying Knee","All Out Attack","Dagger Throw"],"picked":"SKIP","floor":18},{"not_picked":["PiercingWail","Dagger Spray"],"picked":"Backflip","floor":22},{"not_picked":["Flying Knee+1","Underhanded Strike"],"picked":"Acrobatics","floor":24},{"not_picked":["Cloak And Dagger","Infinite Blades","Blade Dance+1"],"picked":"SKIP","floor":25},{"not_picked":["Underhanded Strike","Poisoned Stab","Backstab"],"picked":"SKIP","floor":27},{"not_picked":["Prepared","Deflect"],"picked":"Bouncing Flask+1","floor":28},{"not_picked":["Deadly Poison+1","Infinite Blades","Envenom"],"picked":"SKIP","floor":29},{"not_picked":["Distraction","Reflex"],"picked":"Tactician","floor":30},{"not_picked":["Bane","Dagger Spray+1"],"picked":"Escape Plan","floor":31},{"not_picked":["Phantasmal Killer","Envenom"],"picked":"Venomology","floor":33},{"not_picked":["Choke","Outmaneuver","Deadly Poison"],"picked":"SKIP","floor":35},{"not_picked":["Deflect","Cloak And Dagger"],"picked":"Backflip","floor":36},{"not_picked":["Accuracy","Outmaneuver","Underhanded Strike"],"picked":"SKIP","floor":39},{"not_picked":["Accuracy","Outmaneuver","Underhanded Strike"],"picked":"SKIP","floor":39}],"player_experience":937277,"relics_obtained":[{"floor":6,"key":"Vajra"},{"floor":8,"key":"Bag of Preparation"},{"floor":9,"key":"Regal Pillow"},{"floor":21,"key":"Blood Vial"},{"floor":27,"key":"Anchor"},{"floor":30,"key":"Bird Faced Urn"}],"event_choices":[{"damage_healed":0,"gold_gain":0,"player_choice":"Rummage","damage_taken":0,"relics_obtained":["WarpedTongs"],"max_hp_gain":0,"max_hp_loss":0,"event_name":"Accursed Blacksmith","floor":5,"gold_loss":0,"cards_obtained":["Pain"]},{"cards_removed":["Strike_G"],"damage_healed":0,"gold_gain":0,"player_choice":"Offered Basic","damage_taken":0,"max_hp_gain":0,"max_hp_loss":0,"event_name":"Bonfire Elementals","floor":12,"gold_loss":0},{"damage_healed":0,"gold_gain":0,"player_choice":"Ignored","damage_taken":0,"max_hp_gain":0,"max_hp_loss":0,"event_name":"Vampires","floor":20,"gold_loss":0},{"damage_healed":0,"gold_gain":0,"player_choice":"Ignored","damage_taken":0,"max_hp_gain":0,"max_hp_loss":0,"event_name":"Tomb of Lord Red Mask","floor":38,"gold_loss":0}],"is_beta":false,"boss_relics":[{"not_picked":["Coffee Dripper","Cursed Key"],"picked":"Fusion Hammer"},{"not_picked":["SlaversCollar","Sozu"],"picked":"Ring of the Serpent"}],"items_purged_floors":[7,11,19,37],"is_endless":false,"potions_floor_spawned":[4,6,8,10,16,22,27,29,30,39],"killed_by":"Giant Head","ascension_level":20}