{"gold_per_floor":[17,35,49,49,68,101,101,118,118,83,83,112,112,140,140,217,217,227,152,152,170,189,215,265,296,319,344,344,357,372,174,174,248,248,259,47,59,59,76,402,173,38,64,95,110,110,121,134,134,134,134,134,134,14,49,49],"floor_reached":56,"playtime":3217,"items_purged":["Streamline","Hello World","Gash","Dualcast"],"score":2499,"play_id":"5424d774-9082-4db3-813b-2f2341f64bed","local_time":"20220422204806","is_ascension_mode":true,"campfire_choices":[{"data":"Zap","floor":11.0,"key":"SMITH"},{"data":"Biased Cognition","floor":13.0,"key":"SMITH"},{"data":"Electrodynamics","floor":15.0,"key":"SMITH"},{"floor":28.0,"key":"REST"},{"floor":32.0,"key":"REST"},{"floor":46.0,"key":"RECALL"},{"floor":49.0,"key":"REST"},{"data":"Fission","floor":53.0,"key":"SMITH"}],"neow_cost":"NO_GOLD","seed_source_timestamp":223505487009000,"circlet_count":0,"master_deck":["AscendersBane","Zap+1","Master of Strategy","Ball Lightning","Glacier","FTL","Rainbow","Biased Cognition+1","Hologram","Glacier","Electrodynamics+1","Core Surge","Chaos","Core Surge","Amplify","Fission+1","Biased Cognition+1","Coolheaded","Turbo","Defragment","Loop+1","Seek","Seek","Biased Cognition+1","Coolheaded","Core Surge","Self Repair+1","Coolheaded+1"],"special_seed":0,"relics":["Cracked Core","Sundial","Turnip","HornCleat","Unceasing Top","Pandora\u0027s Box","Centennial Puzzle","Cables","The Courier","Sozu","DollysMirror","Old Coin","Runic Capacitor","PreservedInsect","Frozen Egg 2","StrikeDummy"],"potions_floor_usage":[56,56],"damage_taken":[{"damage":4.0,"enemies":"Jaw Worm","floor":1.0,"turns":3.0},{"damage":0.0,"enemies":"Small Slimes","floor":2.0,"turns":3.0},{"damage":0.0,"enemies":"2 Louse","floor":3.0,"turns":2.0},{"damage":10.0,"enemies":"Lots of Slimes","floor":5.0,"turns":4.0},{"damage":15.0,"enemies":"3 Sentries","floor":6.0,"turns":8.0},{"damage":11.0,"enemies":"3 Louse","floor":8.0,"turns":3.0},{"damage":2.0,"enemies":"Gremlin Nob","floor":12.0,"turns":3.0},{"damage":0.0,"enemies":"Lagavulin","floor":14.0,"turns":5.0},{"damage":0.0,"enemies":"Slime Boss","floor":16.0,"turns":6.0},{"damage":0.0,"enemies":"3 Byrds","floor":18.0,"turns":1.0},{"damage":0.0,"enemies":"Spheric Guardian","floor":21.0,"turns":3.0},{"damage":0.0,"enemies":"Snecko","floor":22.0,"turns":3.0},{"damage":20.0,"enemies":"Book of Stabbing","floor":23.0,"turns":3.0},{"damage":21.0,"enemies":"Slavers","floor":25.0,"turns":3.0},{"damage":0.0,"enemies":"Gremlin Leader","floor":27.0,"turns":4.0},{"damage":7.0,"enemies":"Centurion and Healer","floor":29.0,"turns":2.0},{"damage":27.0,"enemies":"Shelled Parasite and Fungi","floor":30.0,"turns":2.0},{"damage":0.0,"enemies":"Automaton","floor":33.0,"turns":5.0},{"damage":21.0,"enemies":"3 Shapes","floor":35.0,"turns":2.0},{"damage":0.0,"enemies":"3 Darklings","floor":37.0,"turns":2.0},{"damage":0.0,"enemies":"Maw","floor":39.0,"turns":7.0},{"damage":7.0,"enemies":"Nemesis","floor":40.0,"turns":5.0},{"damage":0.0,"enemies":"Giant Head","floor":44.0,"turns":6.0},{"damage":0.0,"enemies":"Sphere and 2 Shapes","floor":45.0,"turns":3.0},{"damage":18.0,"enemies":"Jaw Worm Horde","floor":47.0,"turns":3.0},{"damage":0.0,"enemies":"Writhing Mass","floor":48.0,"turns":4.0},{"damage":0.0,"enemies":"Donu and Deca","floor":50.0,"turns":6.0},{"damage":8.0,"enemies":"Awakened One","floor":51.0,"turns":9.0},{"damage":18.0,"enemies":"Shield and Spear","floor":55.0,"turns":6.0},{"damage":64,"enemies":"The Heart","floor":56,"turns":3}],"seed_played":"-8987583062308950160","potions_obtained":[{"floor":3.0,"key":"ColorlessPotion"},{"floor":12.0,"key":"Explosive Potion"},{"floor":14.0,"key":"Dexterity Potion"},{"floor":18.0,"key":"EssenceOfSteel"},{"floor":21.0,"key":"BlessingOfTheForge"},{"floor":23.0,"key":"PowerPotion"},{"floor":29.0,"key":"SpeedPotion"}],"is_trial":false,"path_per_floor":["M","M","M","?","M","E","?","M","T","?","R","E","R","E","R","B",null,"M","?","?","M","M","E","?","E","T","E","R","M","M","$","R","B",null,"M","$","M","?","M","E","$","$","T","E","M","R","M","M","R","B","B",null,"R","$","E","B"],"character_chosen":"DEFECT","items_purchased":["Seek","PotionOfCapacity","DollysMirror","Core Surge","Runic Capacitor"],"campfire_rested":3,"item_purchase_floors":[31,31,36,41,42],"current_hp_per_floor":[60,60,60,60,50,35,35,24,24,41,41,39,39,39,39,39,63,63,63,63,63,63,43,43,22,22,22,43,36,9,9,30,30,61,40,40,40,40,40,33,33,33,33,33,43,43,35,45,65,67,67,67,67,67,59,0],"gold":49,"neow_bonus":"RANDOM_COLORLESS_2","is_prod":false,"is_daily":false,"chose_seed":false,"campfire_upgraded":4,"win_rate":0,"timestamp":1650685686,"path_taken":["M","M","M","?","M","E","?","M","T","?","R","E","R","E","R","BOSS","M","?","?","M","?","E","?","E","T","E","R","M","?","$","R","BOSS","M","$","M","?","M","E","?","$","T","E","M","R","M","?","R","BOSS","BOSS","R","$","E","BOSS"],"build_version":"2022-03-07","purchased_purges":4,"victory":false,"max_hp_per_floor":[71,71,71,71,71,71,71,71,71,71,71,71,71,71,71,71,71,71,71,71,71,71,71,71,71,71,71,71,71,71,71,71,71,71,71,71,71,67,67,67,67,67,67,67,67,67,67,67,67,67,67,67,67,67,67,67],"card_choices":[{"not_picked":["Chrysalis","Thinking Ahead"],"picked":"Master of Strategy","floor":0.0},{"not_picked":["Steam","Reprogram"],"picked":"Ball Lightning","floor":1.0},{"not_picked":["Coolheaded","Ball Lightning"],"picked":"Glacier","floor":2.0},{"not_picked":["Redo","Consume"],"picked":"FTL","floor":3.0},{"not_picked":["Conserve Battery","Hologram"],"picked":"Gash","floor":5.0},{"not_picked":["Hologram","Turbo"],"picked":"Biased Cognition","floor":6.0},{"not_picked":["Rebound","Blizzard"],"picked":"Hologram","floor":8.0},{"not_picked":["Conserve Battery","Force Field"],"picked":"Glacier","floor":12.0},{"not_picked":["Heatsinks","Tempest"],"picked":"Electrodynamics","floor":14.0},{"not_picked":["Buffer","Fission"],"picked":"Core Surge","floor":16.0},{"not_picked":["Ball Lightning","Stack","Reprogram"],"picked":"SKIP","floor":18.0},{"not_picked":["Glacier+1","Gash"],"picked":"Coolheaded","floor":21.0},{"not_picked":["Fusion+1","Streamline"],"picked":"Turbo","floor":22.0},{"not_picked":["Tempest","White Noise+1"],"picked":"Defragment","floor":23.0},{"not_picked":["Redo","Hyperbeam","Tempest"],"picked":"SKIP","floor":25.0},{"not_picked":["Redo","Go for the Eyes","Leap"],"picked":"SKIP","floor":27.0},{"not_picked":["Compile Driver+1","Streamline","Scrape"],"picked":"SKIP","floor":29.0},{"not_picked":["Reprogram","Gash"],"picked":"Loop+1","floor":30.0},{"not_picked":["Meteor Strike","Amplify"],"picked":"Seek","floor":33.0},{"not_picked":["Stack","Conserve Battery+1","Go for the Eyes"],"picked":"SKIP","floor":35.0},{"not_picked":["Blizzard","Gash","Beam Cell"],"picked":"SKIP","floor":37.0},{"not_picked":["Fission","Gash","White Noise"],"picked":"SKIP","floor":39.0},{"not_picked":["Sweeping Beam","Skim"],"picked":"Coolheaded","floor":40.0},{"not_picked":["Stack","Barrage"],"picked":"Self Repair+1","floor":44.0},{"not_picked":["Steam","White Noise","Fusion+1"],"picked":"SKIP","floor":45.0},{"not_picked":["Static Discharge+1","Leap+1"],"picked":"Coolheaded+1","floor":47.0},{"not_picked":["Double Energy","Genetic Algorithm","Coolheaded"],"picked":"SKIP","floor":48.0},{"not_picked":["Rip and Tear+1","Electrodynamics+1","Creative AI+1"],"picked":"SKIP","floor":55.0}],"player_experience":987522,"relics_obtained":[{"floor":6.0,"key":"Sundial"},{"floor":9.0,"key":"Turnip"},{"floor":12.0,"key":"HornCleat"},{"floor":14.0,"key":"Unceasing Top"},{"floor":23.0,"key":"Centennial Puzzle"},{"floor":25.0,"key":"Cables"},{"floor":27.0,"key":"The Courier"},{"floor":40.0,"key":"Old Coin"},{"floor":43.0,"key":"PreservedInsect"},{"floor":44.0,"key":"Frozen Egg 2"},{"floor":55.0,"key":"StrikeDummy"}],"event_choices":[{"damage_healed":0.0,"max_hp_gain":0.0,"max_hp_loss":0.0,"gold_gain":0.0,"cards_transformed":["Strike_B"],"event_name":"Living Wall","player_choice":"Change","floor":4.0,"gold_loss":0.0,"damage_taken":0.0,"cards_obtained":["Rainbow"]},{"damage_healed":0.0,"max_hp_gain":0.0,"max_hp_loss":0.0,"gold_gain":0.0,"event_name":"Liars Game","player_choice":"Ignored","floor":7.0,"gold_loss":0.0,"damage_taken":0.0},{"damage_healed":17.0,"max_hp_gain":0.0,"max_hp_loss":0.0,"gold_gain":0.0,"event_name":"The Cleric","player_choice":"Healed","floor":10.0,"gold_loss":35.0,"damage_taken":0.0},{"cards_removed":["Rebound"],"damage_healed":0.0,"max_hp_gain":0.0,"max_hp_loss":0.0,"gold_gain":0.0,"event_name":"Beggar","player_choice":"Gave Gold","floor":19.0,"gold_loss":75.0,"damage_taken":0.0},{"damage_healed":0.0,"max_hp_gain":0.0,"max_hp_loss":0.0,"gold_gain":0.0,"event_name":"Duplicator","player_choice":"Copied","floor":20.0,"gold_loss":0.0,"damage_taken":0.0,"cards_obtained":["Biased Cognition"]},{"damage_healed":0.0,"max_hp_gain":0.0,"max_hp_loss":0.0,"gold_gain":100.0,"event_name":"The Joust","player_choice":"Bet on Murderer","floor":24.0,"gold_loss":50.0,"damage_taken":0.0},{"damage_healed":0.0,"max_hp_gain":0.0,"max_hp_loss":4.0,"gold_gain":0.0,"event_name":"Winding Halls","player_choice":"Max HP","floor":38.0,"gold_loss":0.0,"damage_taken":0.0}],"is_beta":false,"boss_relics":[{"not_picked":["Cursed Key","Astrolabe"],"picked":"Pandora\u0027s Box"},{"not_picked":["Calling Bell","FrozenCore"],"picked":"Sozu"}],"items_purged_floors":[31,36,41,54],"is_endless":false,"potions_floor_spawned":[3,12,14,18,21,23,29,35,47,48],"killed_by":"The Heart","ascension_level":20}