{"gold_per_floor":[113,124,124,36,56,91,107,107],"floor_reached":8,"playtime":387,"items_purged":[],"score":116,"play_id":"f0d816ad-4ed5-4621-8eda-36d8025b4364","local_time":"20220421210648","is_ascension_mode":true,"campfire_choices":[],"neow_cost":"PERCENT_DAMAGE","seed_source_timestamp":98814675915200,"circlet_count":0,"master_deck":["AscendersBane","Strike_G","Strike_G","Strike_G","Strike_G","Defend_G","Defend_G","Defend_G","Defend_G","Defend_G","Survivor","Neutralize","Slice","Bane","Bouncing Flask","Poisoned Stab","Blur","Acrobatics"],"special_seed":0,"relics":["Ring of the Snake","StoneCalendar","Nunchaku"],"potions_floor_usage":[8],"damage_taken":[{"damage":2.0,"enemies":"Jaw Worm","floor":1.0,"turns":7.0},{"damage":0.0,"enemies":"Cultist","floor":2.0,"turns":3.0},{"damage":4.0,"enemies":"Small Slimes","floor":5.0,"turns":3.0},{"damage":24.0,"enemies":"3 Sentries","floor":6.0,"turns":7.0},{"damage":13.0,"enemies":"3 Louse","floor":7.0,"turns":4.0},{"damage":1,"enemies":"Gremlin Nob","floor":8,"turns":3}],"seed_played":"-6037903573802161464","potions_obtained":[{"floor":2.0,"key":"EntropicBrew"}],"is_trial":false,"path_per_floor":["M","M","?","$","M","E","M","E"],"character_chosen":"THE_SILENT","items_purchased":["Bouncing Flask"],"campfire_rested":0,"item_purchase_floors":[4],"current_hp_per_floor":[42,42,42,42,38,29,16,15],"gold":107,"neow_bonus":"ONE_RARE_RELIC","is_prod":false,"is_daily":false,"chose_seed":false,"campfire_upgraded":0,"win_rate":0,"timestamp":1650600408,"path_taken":["M","M","?","$","M","E","M","E"],"build_version":"2022-03-07","purchased_purges":0,"victory":false,"max_hp_per_floor":[66,66,66,66,66,66,66,66],"card_choices":[{"not_picked":["Cloak And Dagger","Dodge and Roll"],"picked":"Slice","floor":1.0},{"not_picked":["Prepared","Catalyst"],"picked":"Bane","floor":2.0},{"not_picked":["PiercingWail","Dagger Spray"],"picked":"Poisoned Stab","floor":5.0},{"not_picked":["Poisoned Stab","Underhanded Strike"],"picked":"Blur","floor":6.0},{"not_picked":["All Out Attack","Storm of Steel"],"picked":"Acrobatics","floor":7.0}],"player_experience":974517,"relics_obtained":[{"floor":6.0,"key":"Nunchaku"}],"event_choices":[{"cards_removed":["Strike_G"],"damage_healed":0.0,"max_hp_gain":0.0,"max_hp_loss":0.0,"gold_gain":0.0,"event_name":"Purifier","player_choice":"Purged","floor":3.0,"gold_loss":0.0,"damage_taken":0.0}],"is_beta":false,"boss_relics":[],"items_purged_floors":[],"is_endless":false,"potions_floor_spawned":[2],"killed_by":"Gremlin Nob","ascension_level":20}