{"gold_per_floor":[114,39,39,57,70,70,97,62,62,62,62,105,105,118,118,212,212,237,256,54,54,68,68,86,105,105,105,105,105,117,147,147,147],"floor_reached":33,"playtime":1193,"items_purged":["Strike_G","Strike_G"],"score":700,"play_id":"6d251fac-0f08-4b3d-88dd-d4028b258830","local_time":"20220417205915","is_ascension_mode":true,"campfire_choices":[{"data":"Noxious Fumes","floor":6.0,"key":"SMITH"},{"data":"After Image","floor":11.0,"key":"SMITH"},{"data":"Noxious Fumes","floor":15.0,"key":"SMITH"},{"floor":23.0,"key":"REST"},{"data":"Cloak And Dagger","floor":29.0,"key":"SMITH"},{"data":"Ghostly","floor":32,"key":"SMITH"}],"neow_cost":"NONE","seed_source_timestamp":1180016330735600,"circlet_count":0,"master_deck":["AscendersBane","Strike_G","Strike_G","Strike_G","Defend_G","Defend_G","Defend_G","Defend_G","Survivor","Neutralize","Dagger Spray","Caltrops","Noxious Fumes+1","After Image+1","Noxious Fumes+1","Malaise","Cloak And Dagger+1","Endless Agony+1","Slice","Backstab","Backflip","Ghostly+1","Ghostly","Ghostly","Acrobatics"],"special_seed":0,"relics":["Ring of the Snake","NeowsBlessing","Mummified Hand","StoneCalendar","Bloody Idol","Happy Flower","Bronze Scales","WristBlade","Vajra","Anchor"],"potions_floor_usage":[31,31,33],"damage_taken":[{"damage":0.0,"enemies":"Cultist","floor":1.0,"turns":1.0},{"damage":0.0,"enemies":"Small Slimes","floor":4.0,"turns":1.0},{"damage":0.0,"enemies":"Jaw Worm","floor":5.0,"turns":1.0},{"damage":29.0,"enemies":"3 Sentries","floor":7.0,"turns":6.0},{"damage":11.0,"enemies":"Lagavulin","floor":12.0,"turns":7.0},{"damage":0.0,"enemies":"2 Fungi Beasts","floor":14.0,"turns":3.0},{"damage":0.0,"enemies":"Hexaghost","floor":16.0,"turns":8.0},{"damage":11.0,"enemies":"Spheric Guardian","floor":18.0,"turns":5.0},{"damage":12.0,"enemies":"Chosen","floor":19.0,"turns":6.0},{"damage":16.0,"enemies":"Shelled Parasite and Fungi","floor":22.0,"turns":4.0},{"damage":11.0,"enemies":"Centurion and Healer","floor":24.0,"turns":5.0},{"damage":0.0,"enemies":"Snake Plant","floor":25.0,"turns":4.0},{"damage":0.0,"enemies":"Sentry and Sphere","floor":30.0,"turns":4.0},{"damage":0,"enemies":"Slavers","floor":31,"turns":4},{"damage":46,"enemies":"Champ","floor":33,"turns":11}],"seed_played":"-6046162071099236897","potions_obtained":[{"floor":5.0,"key":"DistilledChaos"},{"floor":12.0,"key":"Strength Potion"},{"floor":16.0,"key":"GamblersBrew"},{"floor":25.0,"key":"LiquidBronze"},{"floor":30.0,"key":"Swift Potion"},{"floor":31,"key":"Energy Potion"}],"is_trial":false,"path_per_floor":["M","$","?","M","M","R","E","?","T","?","R","E","?","M","R","B",null,"M","M","$","?","M","R","M","M","T","?","?","R","M","E","R","B"],"character_chosen":"THE_SILENT","items_purchased":["Slice","Backstab"],"campfire_rested":1,"item_purchase_floors":[20,20],"current_hp_per_floor":[59,59,59,59,59,59,30,46,46,46,46,35,24,24,24,24,51,40,28,28,28,12,30,19,19,19,19,19,19,24,29,29,0],"gold":147,"neow_bonus":"THREE_ENEMY_KILL","is_prod":false,"is_daily":false,"chose_seed":false,"campfire_upgraded":5,"win_rate":0,"timestamp":1650254355,"path_taken":["M","$","?","?","M","R","E","?","T","?","R","E","?","M","R","BOSS","M","M","$","?","M","R","M","M","T","?","?","R","M","E","R","BOSS"],"build_version":"2022-03-07","purchased_purges":2,"victory":false,"max_hp_per_floor":[66,66,66,66,66,66,66,66,66,60,60,60,60,60,60,60,60,60,60,60,60,60,60,60,60,60,60,30,30,30,30,30,30],"card_choices":[{"not_picked":["Slice","Underhanded Strike"],"picked":"Dagger Spray","floor":1.0},{"not_picked":["Catalyst","Dagger Spray"],"picked":"Caltrops","floor":4.0},{"not_picked":["Dagger Spray","Distraction"],"picked":"Noxious Fumes","floor":5.0},{"not_picked":["Expertise","Blur"],"picked":"After Image","floor":7.0},{"not_picked":["Bane","Riddle With Holes"],"picked":"Noxious Fumes","floor":12.0},{"not_picked":["Endless Agony","Terror","Flying Knee"],"picked":"SKIP","floor":14.0},{"not_picked":["Glass Knife","Grand Finale"],"picked":"Malaise","floor":16.0},{"not_picked":["Caltrops","Sucker Punch"],"picked":"Cloak And Dagger","floor":18.0},{"not_picked":["Quick Slash","Sucker Punch"],"picked":"Endless Agony+1","floor":19.0},{"not_picked":["Choke","Setup"],"picked":"Backflip","floor":22.0},{"not_picked":["Sucker Punch","Dagger Throw+1","Bouncing Flask"],"picked":"SKIP","floor":24.0},{"not_picked":["Concentrate","Slice","Flying Knee+1"],"picked":"SKIP","floor":25.0},{"not_picked":["Bouncing Flask","Skewer+1","PiercingWail"],"picked":"SKIP","floor":30.0},{"not_picked":["Cloak And Dagger","Outmaneuver"],"picked":"Acrobatics","floor":31}],"player_experience":946626,"relics_obtained":[{"floor":7.0,"key":"Mummified Hand"},{"floor":9.0,"key":"StoneCalendar"},{"floor":12.0,"key":"Happy Flower"},{"floor":26.0,"key":"Vajra"},{"floor":31,"key":"Anchor"}],"event_choices":[{"cards_removed":["Defend_G"],"damage_healed":0.0,"max_hp_gain":0.0,"max_hp_loss":0.0,"gold_gain":0.0,"event_name":"Purifier","player_choice":"Purged","floor":3.0,"gold_loss":0.0,"damage_taken":0.0},{"damage_healed":16.0,"max_hp_gain":0.0,"max_hp_loss":0.0,"gold_gain":0.0,"event_name":"The Cleric","player_choice":"Healed","floor":8.0,"gold_loss":35.0,"damage_taken":0.0},{"damage_healed":0.0,"max_hp_gain":0.0,"max_hp_loss":6.0,"gold_gain":0.0,"event_name":"Golden Idol","player_choice":"Lose Max HP","floor":10.0,"gold_loss":0.0,"damage_taken":0.0,"relics_obtained":["Golden Idol"]},{"damage_healed":0.0,"max_hp_gain":0.0,"max_hp_loss":0.0,"gold_gain":0.0,"event_name":"Scrap Ooze","player_choice":"Success","floor":13.0,"gold_loss":0.0,"damage_taken":11.0,"relics_obtained":["Bronze Scales"]},{"damage_healed":0.0,"max_hp_gain":0.0,"max_hp_loss":0.0,"gold_gain":0.0,"event_name":"Forgotten Altar","player_choice":"Gave Idol","floor":27.0,"relics_lost":["Golden Idol"],"gold_loss":0.0,"damage_taken":0.0,"relics_obtained":["Bloody Idol"]},{"damage_healed":0.0,"max_hp_gain":0.0,"max_hp_loss":30.0,"gold_gain":0.0,"event_name":"Ghosts","player_choice":"Became a Ghost","floor":28.0,"gold_loss":0.0,"damage_taken":0.0,"cards_obtained":["Ghostly","Ghostly","Ghostly"]}],"is_beta":false,"boss_relics":[{"not_picked":["SlaversCollar","SacredBark"],"picked":"WristBlade"}],"items_purged_floors":[2,20],"is_endless":false,"potions_floor_spawned":[5,12,16,18,25,30,31],"killed_by":"Champ","ascension_level":20}