{"gold_per_floor":[116,266,266,27,41,41,66,66,66,84,110,128,128,156,156,227,227,207,257,257,276,295,295,295],"floor_reached":24,"playtime":1146,"items_purged":["Strike_G"],"score":478,"play_id":"ed7cb1ad-199b-44bc-b094-2f5cdfa3bf03","local_time":"20220422195110","is_ascension_mode":true,"campfire_choices":[{"data":"Noxious Fumes","floor":6,"key":"SMITH"},{"data":"Noxious Fumes","floor":8,"key":"SMITH"},{"floor":15,"key":"REST"},{"floor":23,"key":"REST"}],"neow_cost":"NONE","seed_source_timestamp":222190830495500,"circlet_count":0,"master_deck":["AscendersBane","Strike_G","Defend_G","Defend_G","Defend_G","Defend_G","Defend_G","Survivor","Neutralize","Poisoned Stab","Noxious Fumes+1","Escape Plan","Bane","Noxious Fumes+1","Backflip","Crippling Poison","Tools of the Trade","Footwork","Wraith Form v2","PiercingWail+1","Envenom+1","Footwork+1","Calculated Gamble","Escape Plan","Outmaneuver"],"relics":["Ring of the Snake","NeowsBlessing","Question Card","Sundial","MealTicket","Ornamental Fan","Astrolabe","Pear"],"potions_floor_usage":[14,16,18,21,24],"damage_taken":[{"damage":0,"enemies":"2 Louse","floor":1,"turns":1},{"damage":0,"enemies":"Jaw Worm","floor":5,"turns":1},{"damage":0,"enemies":"Gremlin Nob","floor":7,"turns":1},{"damage":4,"enemies":"Small Slimes","floor":10,"turns":4},{"damage":22,"enemies":"3 Sentries","floor":11,"turns":6},{"damage":8,"enemies":"Exordium Thugs","floor":12,"turns":5},{"damage":22,"enemies":"Gremlin Nob","floor":14,"turns":4},{"damage":27,"enemies":"Slime Boss","floor":16,"turns":7},{"damage":16,"enemies":"2 Thieves","floor":18,"turns":4},{"damage":6,"enemies":"Spheric Guardian","floor":21,"turns":6},{"damage":12,"enemies":"Snake Plant","floor":22,"turns":7},{"damage":53,"enemies":"Slavers","floor":24,"turns":3}],"seed_played":"-1964127644380062919","potions_obtained":[{"floor":1,"key":"FearPotion"},{"floor":5,"key":"Weak Potion"},{"floor":10,"key":"Explosive Potion"},{"floor":14,"key":"Fire Potion"},{"floor":16,"key":"ColorlessPotion"},{"floor":18,"key":"Weak Potion"},{"floor":21,"key":"Ancient Potion"},{"floor":22,"key":"GamblersBrew"}],"is_trial":false,"path_per_floor":["M","?","?","$","M","R","E","R","T","M","E","M","?","E","R","B",null,"M","?","T","M","M","R","E"],"character_chosen":"THE_SILENT","items_purchased":["Noxious Fumes","Escape Plan"],"campfire_rested":2,"item_purchase_floors":[4,4],"current_hp_per_floor":[59,59,52,52,52,52,52,52,52,48,26,18,40,18,37,10,52,36,36,46,40,28,50,0],"gold":295,"neow_bonus":"THREE_ENEMY_KILL","is_prod":false,"is_daily":false,"chose_seed":false,"campfire_upgraded":2,"win_rate":0,"timestamp":1650682270,"path_taken":["M","?","?","$","M","R","E","R","T","M","E","M","?","E","R","BOSS","M","?","?","?","M","R","E"],"build_version":"2022-03-07","purchased_purges":1,"victory":false,"max_hp_per_floor":[66,66,66,66,66,66,66,66,66,66,66,66,66,66,66,66,66,66,66,76,76,76,76,76],"card_choices":[{"not_picked":["Well Laid Plans","Quick Slash"],"picked":"Poisoned Stab","floor":1},{"not_picked":["Masterful Stab","Flying Knee"],"picked":"Bane","floor":5},{"not_picked":["Setup","PiercingWail"],"picked":"Noxious Fumes","floor":7},{"not_picked":["Endless Agony","Sucker Punch","PiercingWail"],"picked":"Backflip","floor":10},{"not_picked":["PiercingWail","Dash","Blade Dance"],"picked":"Crippling Poison","floor":11},{"not_picked":["Leg Sweep","Slice","Finisher"],"picked":"Tools of the Trade","floor":12},{"not_picked":["Caltrops","Infinite Blades","Dash"],"picked":"Footwork","floor":14},{"not_picked":["Tools of the Trade","Envenom","Corpse Explosion"],"picked":"Wraith Form v2","floor":16},{"not_picked":["Outmaneuver","Expertise","Acrobatics"],"picked":"Calculated Gamble","floor":18},{"not_picked":["Choke","Well Laid Plans","Sucker Punch+1"],"picked":"Escape Plan","floor":21},{"not_picked":["Quick Slash","Riddle With Holes+1","Flechettes"],"picked":"Outmaneuver","floor":22}],"player_experience":986376,"relics_obtained":[{"floor":7,"key":"Question Card"},{"floor":9,"key":"Sundial"},{"floor":11,"key":"MealTicket"},{"floor":14,"key":"Ornamental Fan"},{"floor":20,"key":"Pear"}],"event_choices":[{"damage_healed":0,"gold_gain":150,"player_choice":"AGREE","damage_taken":0,"max_hp_gain":0,"max_hp_loss":0,"event_name":"Liars Game","floor":2,"gold_loss":0,"cards_obtained":["Doubt"]},{"cards_removed":["Doubt"],"damage_healed":0,"gold_gain":0,"player_choice":"Card Removal","damage_taken":7,"max_hp_gain":0,"max_hp_loss":0,"event_name":"Golden Wing","floor":3,"gold_loss":0},{"damage_healed":22,"gold_gain":0,"player_choice":"Banana","damage_taken":0,"max_hp_gain":0,"max_hp_loss":0,"event_name":"Big Fish","floor":13,"gold_loss":0},{"damage_healed":0,"gold_gain":50,"player_choice":"Stole From Cult","damage_taken":0,"max_hp_gain":0,"max_hp_loss":0,"event_name":"Nest","floor":19,"gold_loss":0}],"is_beta":false,"boss_relics":[{"not_picked":["Ring of the Serpent","SacredBark"],"picked":"Astrolabe"}],"items_purged_floors":[4],"is_endless":false,"potions_floor_spawned":[1,5,10,14,16,18,21,22],"killed_by":"Slavers","ascension_level":20}