{"gold_per_floor":[361,121,121,138,157,191,191,216,216,166,166,186,186,205,205,205],"floor_reached":16,"playtime":555,"items_purged":["Doubt"],"score":220,"play_id":"be1a77ff-9c81-4a1b-bd7e-cbdffc962f7b","local_time":"20220422102731","is_ascension_mode":true,"campfire_choices":[{"data":"Fission","floor":7,"key":"SMITH"},{"floor":11,"key":"REST"},{"data":"Defragment","floor":15,"key":"SMITH"}],"neow_cost":"CURSE","seed_source_timestamp":188964692656900,"circlet_count":0,"master_deck":["AscendersBane","Strike_B","Strike_B","Strike_B","Strike_B","Defend_B","Defend_B","Defend_B","Defend_B","Zap","Dualcast","Defragment+1","Ball Lightning","Compile Driver","Fission+1","Cold Snap","Rainbow","Pain","Turbo","Capacitor"],"relics":["Cracked Core","Orrery","WarpedTongs","Dream Catcher","Matryoshka","Toy Ornithopter","Kunai","Bag of Marbles","CultistMask"],"potions_floor_usage":[8,16],"damage_taken":[{"damage":7,"enemies":"Jaw Worm","floor":1,"turns":3},{"damage":3,"enemies":"Cultist","floor":4,"turns":3},{"damage":1,"enemies":"2 Louse","floor":5,"turns":2},{"damage":20,"enemies":"3 Sentries","floor":6,"turns":6},{"damage":28,"enemies":"Lagavulin","floor":8,"turns":6},{"damage":3,"enemies":"Blue Slaver","floor":12,"turns":3},{"damage":0,"enemies":"Looter","floor":14,"turns":1},{"damage":30,"enemies":"Slime Boss","floor":16,"turns":7}],"seed_played":"-5195143501062136416","potions_obtained":[{"floor":1,"key":"GamblersBrew"},{"floor":5,"key":"LiquidMemories"},{"floor":14,"key":"Dexterity Potion"}],"is_trial":false,"path_per_floor":["M","$","?","M","M","E","R","E","T","?","R","M","?","M","R","B"],"character_chosen":"DEFECT","items_purchased":["Orrery"],"campfire_rested":1,"item_purchase_floors":[2],"current_hp_per_floor":[57,57,57,54,53,33,33,5,5,5,26,23,23,23,23,0],"gold":205,"neow_bonus":"TWO_FIFTY_GOLD","is_prod":false,"is_daily":false,"chose_seed":false,"campfire_upgraded":2,"win_rate":0,"timestamp":1650648451,"path_taken":["M","$","?","M","?","E","R","E","T","?","R","?","?","?","R","BOSS"],"build_version":"2022-03-07","purchased_purges":1,"victory":false,"max_hp_per_floor":[71,71,71,71,71,71,71,71,71,71,71,71,71,71,71,71],"card_choices":[{"not_picked":["Stack","Loop"],"picked":"Defragment","floor":1},{"not_picked":["Consume","Force Field"],"picked":"Ball Lightning","floor":2},{"not_picked":["Rebound","Undo"],"picked":"Compile Driver","floor":2},{"not_picked":["Skim","Rebound"],"picked":"Fission","floor":2},{"not_picked":["Hologram","Tempest"],"picked":"Cold Snap","floor":2},{"not_picked":["Go for the Eyes","Redo"],"picked":"Rainbow","floor":2},{"not_picked":["Ball Lightning","Hello World"],"picked":"Turbo","floor":4},{"not_picked":["Steam","Blizzard"],"picked":"Capacitor","floor":5},{"not_picked":["Lockon","Cold Snap","Multi-Cast"],"picked":"SKIP","floor":6},{"not_picked":["Gash","Barrage","Darkness"],"picked":"SKIP","floor":8},{"not_picked":["Heatsinks","Thunder Strike","Cold Snap"],"picked":"SKIP","floor":12},{"not_picked":["Ball Lightning","Steam","Gash"],"picked":"SKIP","floor":14}],"player_experience":983239,"relics_obtained":[{"floor":6,"key":"Dream Catcher"},{"floor":8,"key":"Matryoshka"},{"floor":9,"key":"Toy Ornithopter"},{"floor":9,"key":"Kunai"}],"event_choices":[{"damage_healed":0,"gold_gain":0,"player_choice":"Rummage","damage_taken":0,"relics_obtained":["WarpedTongs"],"max_hp_gain":0,"max_hp_loss":0,"event_name":"Accursed Blacksmith","floor":3,"gold_loss":0,"cards_obtained":["Pain"]},{"damage_healed":0,"gold_gain":0,"player_choice":"Paid Gold","damage_taken":0,"relics_obtained":["Bag of Marbles"],"max_hp_gain":0,"max_hp_loss":0,"event_name":"WeMeetAgain","floor":10,"gold_loss":50},{"damage_healed":0,"gold_gain":0,"player_choice":"Trade","damage_taken":0,"relics_obtained":["CultistMask"],"max_hp_gain":0,"max_hp_loss":0,"event_name":"FaceTrader","floor":13,"gold_loss":0}],"is_beta":false,"boss_relics":[],"items_purged_floors":[2],"is_endless":false,"potions_floor_spawned":[1,5,6,14],"killed_by":"Slime Boss","ascension_level":20}