{"gold_per_floor":[110,126,126,138,138,164,164,197,220,247,263,295,319,332,332,416,416,438,447,84,93,121,121,155,168,168,207,207,234,234,263,263,346,346,373,388,417,62,89,128,128,168,224,267,267,267,278,86,86,86,86],"floor_reached":51,"playtime":2582,"items_purged":["Strike_P","Defend_P","Doubt"],"score":1759,"play_id":"b12f2546-4bbf-4ca2-9ad6-a295e8b0dbaa","local_time":"20220422131640","is_ascension_mode":true,"campfire_choices":[{"data":"Eruption","floor":7.0,"key":"SMITH"},{"floor":15.0,"key":"REST"},{"floor":23.0,"key":"REST"},{"data":"TalkToTheHand","floor":28.0,"key":"SMITH"},{"data":"Adaptation","floor":32.0,"key":"SMITH"},{"floor":41,"key":"REST"},{"floor":46,"key":"REST"},{"floor":49,"key":"RECALL"}],"neow_cost":"NONE","seed_source_timestamp":197006715441700,"circlet_count":0,"master_deck":["AscendersBane","Strike_P","Strike_P","Strike_P","Defend_P","Eruption+1","Vigilance+1","CutThroughFate","SashWhip","DeceiveReality","EmptyMind","FearNoEvil","WheelKick","Conclude","Scrawl+1","FlurryOfBlows+1","Necronomicurse","Adaptation+1","FlurryOfBlows","Meditate+1","WindmillStrike+1","Crescendo+1","TalkToTheHand+1","EmptyFist+1","LessonLearned","WheelKick+1","MentalFortress","Apotheosis","Wireheading+1","Establishment","DeceiveReality","Vengeance+1","Meditate","Fasting2"],"special_seed":0,"relics":["PureWater","PreservedInsect","Damaru","Potion Belt","CeramicFish","Ornamental Fan","Cursed Key","Necronomicon","Strawberry","War Paint","FossilizedHelix","Boot","Fusion Hammer","Mango","Bird Faced Urn","Vajra"],"potions_floor_usage":[35,39,42,44,44,51],"damage_taken":[{"damage":11.0,"enemies":"Jaw Worm","floor":1.0,"turns":6.0},{"damage":4.0,"enemies":"Small Slimes","floor":2.0,"turns":5.0},{"damage":0.0,"enemies":"Cultist","floor":4.0,"turns":2.0},{"damage":0.0,"enemies":"Gremlin Nob","floor":6.0,"turns":3.0},{"damage":9.0,"enemies":"3 Sentries","floor":8.0,"turns":7.0},{"damage":4.0,"enemies":"Gremlin Gang","floor":10.0,"turns":5.0},{"damage":0.0,"enemies":"Looter","floor":11.0,"turns":2.0},{"damage":0.0,"enemies":"Gremlin Nob","floor":12.0,"turns":2.0},{"damage":5.0,"enemies":"Blue Slaver","floor":13.0,"turns":3.0},{"damage":19.0,"enemies":"Gremlin Gang","floor":14.0,"turns":3.0},{"damage":19.0,"enemies":"Slime Boss","floor":16.0,"turns":6.0},{"damage":14.0,"enemies":"Shell Parasite","floor":18.0,"turns":5.0},{"damage":0.0,"enemies":"Chosen","floor":22.0,"turns":2.0},{"damage":1.0,"enemies":"Book of Stabbing","floor":24.0,"turns":2.0},{"damage":0.0,"enemies":"Shelled Parasite and Fungi","floor":25.0,"turns":2.0},{"damage":4.0,"enemies":"Slavers","floor":27.0,"turns":2.0},{"damage":0.0,"enemies":"Cultist and Chosen","floor":29.0,"turns":2.0},{"damage":11.0,"enemies":"Gremlin Leader","floor":31.0,"turns":3.0},{"damage":1,"enemies":"Collector","floor":33,"turns":8},{"damage":0,"enemies":"Orb Walker","floor":35,"turns":2},{"damage":9,"enemies":"3 Shapes","floor":36,"turns":3},{"damage":10,"enemies":"Sphere and 2 Shapes","floor":37,"turns":5},{"damage":0,"enemies":"Spire Growth","floor":39,"turns":2},{"damage":0,"enemies":"Nemesis","floor":40,"turns":3},{"damage":0,"enemies":"Giant Head","floor":42,"turns":5},{"damage":25,"enemies":"Reptomancer","floor":44,"turns":3},{"damage":0,"enemies":"3 Darklings","floor":47,"turns":3},{"damage":60,"enemies":"Donu and Deca","floor":50,"turns":5},{"damage":52,"enemies":"Awakened One","floor":51,"turns":8}],"seed_played":"7730638327367268945","potions_obtained":[{"floor":2.0,"key":"Strength Potion"},{"floor":4.0,"key":"BlessingOfTheForge"},{"floor":10.0,"key":"Regen Potion"},{"floor":12.0,"key":"Strength Potion"},{"floor":16.0,"key":"Fire Potion"},{"floor":18.0,"key":"SpeedPotion"},{"floor":22.0,"key":"Swift Potion"},{"floor":27.0,"key":"DuplicationPotion"},{"floor":30.0,"key":"SmokeBomb"},{"floor":30.0,"key":"SmokeBomb"},{"floor":33,"key":"BlessingOfTheForge"},{"floor":35,"key":"StancePotion"},{"floor":40,"key":"Fire Potion"},{"floor":42,"key":"SkillPotion"}],"is_trial":false,"path_per_floor":["M","M","?","M","?","E","R","E","T","M","M","E","M","M","R","B",null,"M","?","$","?","M","R","E","M","T","E","R","M","?","E","R","B",null,"M","M","M","$","M","E","R","E","T","E","?","R","M","$","R","B","B"],"character_chosen":"WATCHER","items_purchased":["Adaptation","Strawberry","FlurryOfBlows","Apotheosis","Wireheading","Fasting2"],"campfire_rested":4,"item_purchase_floors":[20,20,20,38,38,48],"current_hp_per_floor":[50,46,46,46,46,46,46,37,37,33,33,33,28,9,29,10,54,40,19,26,26,31,53,52,52,52,48,48,48,48,37,37,36,65,65,56,46,46,46,60,86,86,86,64,64,89,89,89,89,29,0],"gold":86,"neow_bonus":"RANDOM_COMMON_RELIC","is_prod":false,"is_daily":false,"chose_seed":false,"campfire_upgraded":3,"win_rate":0,"timestamp":1650658600,"path_taken":["M","M","?","M","?","E","R","E","T","?","?","E","M","M","R","BOSS","M","?","$","?","M","R","E","M","T","E","R","M","?","E","R","BOSS","M","?","M","$","M","E","R","E","T","E","?","R","M","$","R","BOSS","BOSS"],"build_version":"2022-03-07","purchased_purges":3,"victory":false,"max_hp_per_floor":[68,68,68,68,68,68,68,68,68,68,68,68,68,68,68,68,68,68,68,75,75,75,75,75,75,75,75,75,75,75,75,75,75,75,75,75,75,75,75,89,89,89,89,89,89,89,89,89,89,89,89],"card_choices":[{"not_picked":["Wireheading","Worship"],"picked":"CutThroughFate","floor":1.0},{"not_picked":["Prostrate","ThirdEye"],"picked":"SashWhip","floor":2.0},{"not_picked":["Protect","Halt"],"picked":"DeceiveReality","floor":4.0},{"not_picked":["SignatureMove","WreathOfFlame"],"picked":"EmptyMind","floor":6.0},{"not_picked":["FollowUp","CrushJoints"],"picked":"FearNoEvil","floor":8.0},{"not_picked":["Evaluate","Halt"],"picked":"WheelKick","floor":10.0},{"not_picked":["Prostrate","MasterReality","SashWhip"],"picked":"SKIP","floor":11.0},{"not_picked":["WreathOfFlame","Worship","DeceiveReality"],"picked":"SKIP","floor":12.0},{"not_picked":["Study","Halt"],"picked":"Conclude","floor":13.0},{"not_picked":["EmptyBody","FlyingSleeves","FollowUp"],"picked":"SKIP","floor":14.0},{"not_picked":["DeusExMachina","MasterReality"],"picked":"Scrawl","floor":16.0},{"not_picked":["Crescendo+1","BowlingBash"],"picked":"FlurryOfBlows","floor":18.0},{"not_picked":["CutThroughFate","Swivel"],"picked":"WindmillStrike+1","floor":22.0},{"not_picked":["ThirdEye","BowlingBash"],"picked":"Crescendo","floor":24.0},{"not_picked":["CrushJoints","CutThroughFate","Protect"],"picked":"SKIP","floor":25.0},{"not_picked":["Prostrate","PathToVictory+1"],"picked":"TalkToTheHand","floor":27.0},{"not_picked":["EmptyBody","ForeignInfluence"],"picked":"EmptyFist+1","floor":29.0},{"not_picked":["DevaForm","ThirdEye+1","FlyingSleeves"],"picked":"SKIP","floor":31.0},{"not_picked":["Vault","Scrawl"],"picked":"LessonLearned","floor":33},{"not_picked":["Nirvana","JustLucky+1"],"picked":"WheelKick+1","floor":35},{"not_picked":["ForeignInfluence+1","Prostrate","Nirvana"],"picked":"SKIP","floor":36},{"not_picked":["EmptyBody+1","ThirdEye+1"],"picked":"MentalFortress","floor":37},{"not_picked":["Pray","SandsOfTime"],"picked":"Establishment","floor":39},{"not_picked":["Fasting2","FlurryOfBlows+1"],"picked":"DeceiveReality","floor":40},{"not_picked":["EmptyMind","BowlingBash"],"picked":"Vengeance+1","floor":42},{"not_picked":["Swivel","EmptyFist"],"picked":"Meditate","floor":44},{"not_picked":["EmptyFist","Weave","SignatureMove+1"],"picked":"SKIP","floor":47}],"player_experience":983794,"relics_obtained":[{"floor":6.0,"key":"Damaru"},{"floor":8.0,"key":"Potion Belt"},{"floor":9.0,"key":"CeramicFish"},{"floor":12.0,"key":"Ornamental Fan"},{"floor":19.0,"key":"Necronomicon"},{"floor":24.0,"key":"War Paint"},{"floor":27.0,"key":"FossilizedHelix"},{"floor":31.0,"key":"Boot"},{"floor":40,"key":"Mango"},{"floor":42,"key":"Bird Faced Urn"},{"floor":44,"key":"Vajra"}],"event_choices":[{"damage_healed":0.0,"max_hp_gain":0.0,"max_hp_loss":0.0,"gold_gain":0.0,"event_name":"Liars Game","player_choice":"Ignored","floor":3.0,"gold_loss":0.0,"damage_taken":0.0},{"cards_removed":["Defend_P"],"damage_healed":0.0,"max_hp_gain":0.0,"max_hp_loss":0.0,"gold_gain":0.0,"event_name":"Bonfire Elementals","player_choice":"Offered Basic","floor":5.0,"gold_loss":0.0,"damage_taken":0.0},{"damage_healed":0.0,"max_hp_gain":0.0,"max_hp_loss":0.0,"gold_gain":0.0,"event_name":"Cursed Tome","player_choice":"Obtained Book","floor":19.0,"gold_loss":0.0,"damage_taken":21.0},{"damage_healed":0.0,"max_hp_gain":0.0,"max_hp_loss":0.0,"gold_gain":0.0,"event_name":"The Library","player_choice":"Read","floor":21.0,"gold_loss":0.0,"damage_taken":0.0,"cards_obtained":["Meditate"]},{"damage_healed":0.0,"max_hp_gain":0.0,"max_hp_loss":0.0,"gold_gain":0.0,"event_name":"Lab","player_choice":"Got Potions","floor":30.0,"gold_loss":0.0,"damage_taken":0.0},{"cards_removed":["Defend_P"],"damage_healed":0,"gold_gain":0,"player_choice":"Removed Skill","damage_taken":0,"max_hp_gain":0,"max_hp_loss":0,"event_name":"Falling","floor":45,"gold_loss":0}],"is_beta":false,"boss_relics":[{"not_picked":["SacredBark","Sozu"],"picked":"Cursed Key"},{"not_picked":["Tiny House","Calling Bell"],"picked":"Fusion Hammer"}],"items_purged_floors":[20,38,48],"is_endless":false,"potions_floor_spawned":[2,4,10,12,16,18,22,27,33,35,40,42],"killed_by":"Awakened One","ascension_level":20}