{"gold_per_floor":[116,116,37,312,0,0,44,44,44,68,87,102,135,10,10,104,104,128,128,141,162,37,37,61,104,104,104,104,104,137,158,158,256,319,333,351,351,351,366,366,404,416,428,476,508,292,305,348,348,348,348,348,348,20,53,53],"floor_reached":56,"playtime":3246,"items_purged":["Regret","Strike_G","Terror+1","Skewer"],"score":2366,"play_id":"de621da6-8a81-43cb-82b9-8f68757dd0c5","local_time":"20220418164041","is_ascension_mode":true,"campfire_choices":[{"data":"Deadly Poison","floor":6.0,"key":"SMITH"},{"data":"Poisoned Stab","floor":8.0,"key":"SMITH"},{"data":"Well Laid Plans","floor":15,"key":"SMITH"},{"floor":23,"key":"REST"},{"data":"After Image","floor":27,"key":"SMITH"},{"data":"Noxious Fumes","floor":32,"key":"SMITH"},{"data":"Footwork","floor":40,"key":"SMITH"},{"data":"Noxious Fumes","floor":42,"key":"SMITH"},{"floor":49,"key":"RECALL"},{"data":"Footwork","floor":53,"key":"SMITH"}],"neow_cost":"NONE","seed_source_timestamp":1248806621886100,"circlet_count":0,"master_deck":["AscendersBane","Survivor","Neutralize","Poisoned Stab+1","Deadly Poison+1","Well Laid Plans+1","Dash","Crippling Poison+1","PiercingWail+1","Dodge and Roll+1","Calculated Gamble+1","Deflect+1","Malaise+1","Eviscerate","After Image+1","Adrenaline+1","Calculated Gamble+1","Corpse Explosion+1","Terror+1","Sucker Punch+1","Blade Dance+1","Distraction+1","Acrobatics+1","Noxious Fumes+1","Ghostly+1","Ghostly+1","Ghostly+1","Tools of the Trade","Venomology+1","Outmaneuver+1","Noxious Fumes+1","Footwork+1","Tactician+1","Prepared+1","Blur+1","Footwork+1","Calculated Gamble+1","Catalyst+1","Night Terror+1","Venomology+1"],"special_seed":0,"relics":["Ring of the Snake","NeowsBlessing","Golden Idol","Anchor","Toxic Egg 2","Sundial","Gremlin Horn","Pandora\u0027s Box","Happy Flower","Tough Bandages","StrikeDummy","Tiny House","MawBank","PreservedInsect","Ginger","Bronze Scales","The Specimen"],"potions_floor_usage":[13,25,35,36,39,41,44,45,47,48,50,50,51,56,56,56,56],"damage_taken":[{"damage":0.0,"enemies":"Jaw Worm","floor":1.0,"turns":1.0},{"damage":0.0,"enemies":"3 Sentries","floor":7.0,"turns":2.0},{"damage":0.0,"enemies":"2 Louse","floor":10.0,"turns":1.0},{"damage":0.0,"enemies":"Cultist","floor":11.0,"turns":3.0},{"damage":0.0,"enemies":"Red Slaver","floor":12.0,"turns":3.0},{"damage":36,"enemies":"Gremlin Nob","floor":13,"turns":5},{"damage":17,"enemies":"The Guardian","floor":16,"turns":10},{"damage":0,"enemies":"Spheric Guardian","floor":18,"turns":3},{"damage":7,"enemies":"3 Byrds","floor":20,"turns":3},{"damage":9,"enemies":"Snake Plant","floor":21,"turns":3},{"damage":6,"enemies":"Snecko","floor":24,"turns":5},{"damage":0,"enemies":"Gremlin Leader","floor":25,"turns":4},{"damage":0,"enemies":"Slavers","floor":30,"turns":3},{"damage":0,"enemies":"Cultist and Chosen","floor":31,"turns":4},{"damage":2,"enemies":"Champ","floor":33,"turns":11},{"damage":1,"enemies":"Orb Walker","floor":35,"turns":5},{"damage":0,"enemies":"3 Darklings","floor":36,"turns":3},{"damage":0,"enemies":"4 Shapes","floor":39,"turns":4},{"damage":0,"enemies":"Reptomancer","floor":41,"turns":6},{"damage":1,"enemies":"Nemesis","floor":44,"turns":9},{"damage":0,"enemies":"Transient","floor":45,"turns":6},{"damage":0,"enemies":"Sphere and 2 Shapes","floor":47,"turns":5},{"damage":0,"enemies":"Giant Head","floor":48,"turns":10},{"damage":0,"enemies":"Donu and Deca","floor":50,"turns":7},{"damage":29,"enemies":"Time Eater","floor":51,"turns":9},{"damage":3,"enemies":"Shield and Spear","floor":55,"turns":8},{"damage":32,"enemies":"The Heart","floor":56,"turns":3}],"seed_played":"6957182643327255633","potions_obtained":[{"floor":1.0,"key":"CultistPotion"},{"floor":11.0,"key":"SkillPotion"},{"floor":13,"key":"BlessingOfTheForge"},{"floor":21,"key":"GhostInAJar"},{"floor":31,"key":"BlessingOfTheForge"},{"floor":34,"key":"LiquidBronze"},{"floor":44,"key":"BlessingOfTheForge"},{"floor":48,"key":"Poison Potion"}],"is_trial":false,"path_per_floor":["M","?","$","?","$","R","E","R","T","M","M","M","E","$","R","B",null,"M","?","M","M","$","R","M","E","T","R","?","$","E","M","R","B",null,"M","M","?","?","M","R","E","R","T","E","M","$","M","E","R","B","B",null,"R","$","E","B"],"character_chosen":"THE_SILENT","items_purchased":["Deadly Poison","Bane","Anchor","Well Laid Plans","Deflect+1","Calculated Gamble+1","Night Terror+1","Bronze Scales"],"campfire_rested":1,"item_purchase_floors":[3,3,5,5,14,46,54,54],"current_hp_per_floor":[59,59,59,59,59,59,59,59,59,59,59,59,23,23,23,6,47,47,47,40,31,31,49,43,43,43,43,30,30,30,30,30,28,35,34,34,33,33,33,33,33,33,33,32,32,32,32,33,33,33,4,26,26,26,23,0],"gold":53,"neow_bonus":"THREE_ENEMY_KILL","is_prod":false,"is_daily":false,"chose_seed":false,"campfire_upgraded":8,"win_rate":0,"timestamp":1650325241,"path_taken":["M","?","$","?","$","R","E","R","T","M","M","?","E","?","R","BOSS","M","?","M","M","$","R","M","E","T","R","?","$","E","M","R","BOSS","M","M","?","?","M","R","E","R","T","E","?","$","M","E","R","BOSS","BOSS","R","$","E","BOSS"],"build_version":"2022-03-07","purchased_purges":4,"victory":false,"max_hp_per_floor":[66,60,60,60,60,60,60,60,60,60,60,60,60,60,60,60,60,60,60,60,60,60,60,60,60,60,60,30,30,30,30,30,30,35,35,35,33,33,33,33,33,33,33,33,33,33,33,33,33,33,33,33,33,33,33,33],"card_choices":[{"not_picked":["Riddle With Holes","Backflip"],"picked":"Poisoned Stab","floor":1.0},{"not_picked":["Riddle With Holes","Masterful Stab"],"picked":"Dash","floor":7.0},{"not_picked":["PiercingWail+1","Tactician+1"],"picked":"Crippling Poison+1","floor":10.0},{"not_picked":["Deflect+1","Masterful Stab"],"picked":"PiercingWail+1","floor":11.0},{"not_picked":["Dagger Throw","Poisoned Stab"],"picked":"Dodge and Roll+1","floor":12.0},{"not_picked":["Endless Agony","Slice"],"picked":"Calculated Gamble+1","floor":13},{"not_picked":["Doppelganger+1","Corpse Explosion+1"],"picked":"Malaise+1","floor":16},{"not_picked":["Terror+1","Expertise+1"],"picked":"Blade Dance+1","floor":18},{"not_picked":["Flechettes","Riddle With Holes","Choke"],"picked":"SKIP","floor":20},{"not_picked":["Dodge and Roll+1","Outmaneuver+1"],"picked":"Distraction+1","floor":21},{"not_picked":["Leg Sweep+1","Dagger Spray"],"picked":"Acrobatics+1","floor":24},{"not_picked":["Calculated Gamble+1","Predator"],"picked":"Noxious Fumes","floor":25},{"not_picked":["Caltrops","Deadly Poison+1"],"picked":"Tools of the Trade","floor":30},{"not_picked":["Underhanded Strike","Dodge and Roll+1","Accuracy"],"picked":"SKIP","floor":31},{"not_picked":["Phantasmal Killer+1","Bullet Time+1"],"picked":"Venomology+1","floor":33},{"not_picked":["Crippling Poison+1","Dash+1"],"picked":"Outmaneuver+1","floor":34},{"not_picked":["Acrobatics+1","Quick Slash+1"],"picked":"Noxious Fumes","floor":35},{"not_picked":["Reflex+1","Outmaneuver+1"],"picked":"Footwork","floor":36},{"not_picked":["Grand Finale","Slice+1"],"picked":"Tactician+1","floor":39},{"not_picked":["Underhanded Strike+1","Riddle With Holes+1"],"picked":"Prepared+1","floor":41},{"not_picked":["Blade Dance+1","Deflect+1"],"picked":"Blur+1","floor":44},{"not_picked":["Blade Dance+1","Deadly Poison+1"],"picked":"Footwork","floor":45},{"not_picked":["Terror+1","Flechettes","Cloak And Dagger+1"],"picked":"SKIP","floor":47},{"not_picked":["Poisoned Stab","Escape Plan+1"],"picked":"Catalyst+1","floor":48},{"not_picked":["Flying Knee","Cloak And Dagger+1"],"picked":"Venomology+1","floor":55}],"player_experience":951616,"relics_obtained":[{"floor":7.0,"key":"Toxic Egg 2"},{"floor":9.0,"key":"Sundial"},{"floor":13,"key":"Gremlin Horn"},{"floor":25,"key":"Happy Flower"},{"floor":26,"key":"Tough Bandages"},{"floor":30,"key":"StrikeDummy"},{"floor":41,"key":"MawBank"},{"floor":44,"key":"PreservedInsect"},{"floor":48,"key":"Ginger"},{"floor":55,"key":"The Specimen"}],"event_choices":[{"damage_healed":0.0,"max_hp_gain":0.0,"max_hp_loss":6.0,"gold_gain":0.0,"event_name":"Golden Idol","player_choice":"Lose Max HP","floor":2.0,"gold_loss":0.0,"damage_taken":0.0,"relics_obtained":["Golden Idol"]},{"damage_healed":0.0,"max_hp_gain":0.0,"max_hp_loss":0.0,"gold_gain":275.0,"event_name":"Golden Shrine","player_choice":"Desecrate","floor":4.0,"gold_loss":0.0,"damage_taken":0.0,"cards_obtained":["Regret"]},{"damage_healed":0,"gold_gain":0,"player_choice":"Ignored","damage_taken":0,"max_hp_gain":0,"max_hp_loss":0,"event_name":"Vampires","floor":19,"gold_loss":0},{"damage_healed":0,"gold_gain":0,"player_choice":"Became a Ghost","damage_taken":0,"max_hp_gain":0,"max_hp_loss":30,"event_name":"Ghosts","floor":28,"gold_loss":0,"cards_obtained":["Ghostly","Ghostly","Ghostly"]},{"damage_healed":0,"gold_gain":0,"player_choice":"Max HP","damage_taken":0,"max_hp_gain":0,"max_hp_loss":2,"event_name":"Winding Halls","floor":37,"gold_loss":0},{"cards_removed":["Bane"],"damage_healed":5,"gold_gain":0,"player_choice":"Offered Common","damage_taken":0,"max_hp_gain":0,"max_hp_loss":0,"event_name":"Bonfire Elementals","floor":38,"gold_loss":0},{"cards_removed":["Bane"],"damage_healed":5,"gold_gain":0,"player_choice":"Offered Special","damage_taken":0,"max_hp_gain":0,"max_hp_loss":0,"event_name":"Bonfire Elementals","floor":38,"gold_loss":0}],"is_beta":false,"boss_relics":[{"not_picked":["SacredBark","Ring of the Serpent"],"picked":"Pandora\u0027s Box"},{"not_picked":["Sozu","Snecko Eye"],"picked":"Tiny House"}],"items_purged_floors":[5,14,22,46],"is_endless":false,"potions_floor_spawned":[1,11,13,16,21,24,31,35,39,44,48],"killed_by":"The Heart","ascension_level":20}