{"gold_per_floor":[117,137,153,198,21,21,41,76,123,150,150,150,150,185,185,260,260,270,270,15,27,77,111,12,23,23,33,33],"floor_reached":28,"playtime":1056,"items_purged":["Strike_G","Slice"],"score":562,"play_id":"e5412931-dfdc-44cc-b2e7-5b75208189f9","local_time":"20220502215245","is_ascension_mode":true,"campfire_choices":[{"data":"Blade Dance","floor":6,"key":"SMITH"},{"floor":13,"key":"REST"},{"data":"Deadly Poison","floor":15,"key":"SMITH"}],"neow_cost":"NONE","seed_source_timestamp":783863269624000,"circlet_count":0,"master_deck":["AscendersBane","Defend_G","Defend_G","Defend_G","Defend_G","Defend_G","Survivor","Neutralize","Dagger Throw","Blade Dance+1","Quick Slash","Terror","Deadly Poison+1","Footwork","Unload","Underhanded Strike+1","Distraction+1","Distraction+1","Dodge and Roll","Noxious Fumes","Accuracy","Blade Dance","Backflip","Burst","Blade Dance","Accuracy","Prepared"],"relics":["Ring of the Snake","Potion Belt","Regal Pillow","Membership Card","Blood Vial","PreservedInsect","Anchor","Letter Opener","Astrolabe","Mummified Hand","Smiling Mask","Sundial"],"potions_floor_usage":[7,8,16,18,27],"damage_taken":[{"damage":0,"enemies":"Cultist","floor":1,"turns":4},{"damage":0,"enemies":"Small Slimes","floor":2,"turns":5},{"damage":4,"enemies":"Jaw Worm","floor":3,"turns":4},{"damage":5,"enemies":"Gremlin Gang","floor":7,"turns":4},{"damage":0,"enemies":"Gremlin Nob","floor":8,"turns":2},{"damage":22,"enemies":"3 Sentries","floor":10,"turns":10},{"damage":25,"enemies":"Lagavulin","floor":14,"turns":6},{"damage":27,"enemies":"Hexaghost","floor":16,"turns":9},{"damage":2,"enemies":"3 Byrds","floor":18,"turns":3},{"damage":0,"enemies":"Chosen","floor":21,"turns":3},{"damage":18,"enemies":"Book of Stabbing","floor":23,"turns":4},{"damage":5,"enemies":"Centurion and Healer","floor":25,"turns":6},{"damage":13,"enemies":"Sentry and Sphere","floor":27,"turns":4},{"damage":29,"enemies":"Chosen and Byrds","floor":28,"turns":5}],"seed_played":"3023170241825543017","potions_obtained":[{"floor":3,"key":"BlessingOfTheForge"},{"floor":7,"key":"DistilledChaos"},{"floor":10,"key":"Regen Potion"},{"floor":16,"key":"Explosive Potion"},{"floor":23,"key":"PowerPotion"},{"floor":25,"key":"Energy Potion"},{"floor":27,"key":"FearPotion"}],"is_trial":false,"path_per_floor":["M","M","M","T","$","R","M","E","T","E","?","?","R","E","R","B",null,"M","?","$","M","?","E","$","M","T","M","M"],"character_chosen":"THE_SILENT","items_purchased":["Membership Card","Slice","Mummified Hand","Accuracy","Blade Dance","Backflip","Blade Dance","Accuracy"],"campfire_rested":1,"item_purchase_floors":[5,5,20,20,20,20,24,24],"current_hp_per_floor":[59,59,55,55,55,55,50,50,50,30,19,19,53,30,30,20,55,55,55,55,57,51,35,35,32,32,21,0],"gold":33,"neow_bonus":"RANDOM_COMMON_RELIC","is_prod":false,"is_daily":false,"chose_seed":false,"campfire_upgraded":2,"win_rate":0,"timestamp":1651553565,"path_taken":["M","M","M","?","?","R","M","E","T","E","?","?","R","E","R","BOSS","M","?","$","?","?","E","$","?","T","M","M"],"build_version":"2022-03-07","purchased_purges":2,"victory":false,"max_hp_per_floor":[66,66,66,66,66,66,66,66,66,66,66,66,66,66,66,66,66,66,66,66,66,66,66,66,66,66,66,66],"card_choices":[{"not_picked":["Finisher","Masterful Stab"],"picked":"Dagger Throw","floor":1},{"not_picked":["Choke","Escape Plan"],"picked":"Blade Dance","floor":2},{"not_picked":["Dagger Throw","Acrobatics"],"picked":"Quick Slash","floor":3},{"not_picked":["Flying Knee","Escape Plan"],"picked":"Terror","floor":7},{"not_picked":["Slice","Cloak And Dagger","Dagger Throw"],"picked":"SKIP","floor":8},{"not_picked":["Prepared","Deflect"],"picked":"Deadly Poison","floor":10},{"not_picked":["Unload","All Out Attack"],"picked":"Footwork","floor":14},{"not_picked":["Storm of Steel","Bullet Time"],"picked":"Unload","floor":16},{"not_picked":["Dash","Sucker Punch"],"picked":"Dodge and Roll","floor":18},{"not_picked":["Distraction+1","Flying Knee","Slice"],"picked":"SKIP","floor":21},{"not_picked":["Dodge and Roll","PiercingWail"],"picked":"Burst","floor":23},{"not_picked":["Choke","PiercingWail","Acrobatics+1"],"picked":"SKIP","floor":25},{"not_picked":["Underhanded Strike","Dagger Throw"],"picked":"Prepared","floor":27}],"player_experience":1017100,"relics_obtained":[{"floor":4,"key":"Regal Pillow"},{"floor":8,"key":"Blood Vial"},{"floor":10,"key":"PreservedInsect"},{"floor":14,"key":"Letter Opener"},{"floor":23,"key":"Smiling Mask"},{"floor":26,"key":"Sundial"}],"event_choices":[{"damage_healed":0,"gold_gain":0,"player_choice":"Success","damage_taken":11,"relics_obtained":["Anchor"],"max_hp_gain":0,"max_hp_loss":0,"event_name":"Scrap Ooze","floor":11,"gold_loss":0},{"damage_healed":0,"gold_gain":0,"player_choice":"Ignored","damage_taken":0,"max_hp_gain":0,"max_hp_loss":0,"event_name":"Liars Game","floor":12,"gold_loss":0},{"damage_healed":0,"gold_gain":0,"cards_transformed":["Strike_G"],"player_choice":"Transformed","damage_taken":0,"max_hp_gain":0,"max_hp_loss":0,"event_name":"Transmorgrifier","floor":19,"gold_loss":0,"cards_obtained":["Noxious Fumes"]},{"damage_healed":0,"gold_gain":50,"player_choice":"Touch","damage_taken":6,"max_hp_gain":0,"max_hp_loss":0,"event_name":"FaceTrader","floor":22,"gold_loss":0}],"is_beta":false,"boss_relics":[{"not_picked":["Runic Dome","Philosopher\u0027s Stone"],"picked":"Astrolabe"}],"items_purged_floors":[20,24],"is_endless":false,"potions_floor_spawned":[3,7,10,16,23,25,27],"killed_by":"Chosen and Byrds","ascension_level":20}