{"gold_per_floor":[112,37,55,55,26,54,72,72,97,132,199,231,248,264,264,340,340,359,371,336,38,88,143,143,192,270,270,283,296,351,449,449,544,544,579,589,639,708,708],"floor_reached":39,"playtime":1638,"items_purged":["Strike_P"],"score":1047,"play_id":"cb1e3c93-be89-4d72-8319-afa0a714615b","local_time":"20220506111317","is_ascension_mode":true,"campfire_choices":[{"data":"Omniscience","floor":15.0,"key":"SMITH"},{"data":"Adaptation","floor":24.0,"key":"SMITH"},{"floor":27.0,"key":"REST"},{"data":"TalkToTheHand","floor":32.0,"key":"SMITH"}],"neow_cost":"TEN_PERCENT_HP_LOSS","seed_source_timestamp":0,"circlet_count":0,"master_deck":["AscendersBane","Eruption","Vigilance","Panache","Adaptation+1","Consecrate","SashWhip","ClearTheMind","Halt","Consecrate","CutThroughFate","FlurryOfBlows","Wallop","Omniscience+1","DeusExMachina","Crescendo+1","LikeWater+1","HandOfGreed","WheelKick","FlurryOfBlows","Halt","Wireheading+1","TalkToTheHand+1","DevaForm+1","DeusExMachina","WaveOfTheHand","Establishment+1","Wallop","Study+1","Study+1","CutThroughFate+1"],"special_seed":0,"relics":["PureWater","War Paint","SsserpentHead","Bronze Scales","PreservedInsect","Toy Ornithopter","Sozu","Frozen Egg 2","Bag of Preparation","Bottled Lightning","Kunai","Oddly Smooth Stone","Red Mask","Pandora\u0027s Box"],"potions_floor_usage":[],"damage_taken":[{"damage":0.0,"enemies":"Small Slimes","floor":1.0,"turns":2.0},{"damage":2.0,"enemies":"Cultist","floor":3.0,"turns":3.0},{"damage":12.0,"enemies":"Gremlin Nob","floor":6.0,"turns":3.0},{"damage":0.0,"enemies":"Jaw Worm","floor":7.0,"turns":5.0},{"damage":35.0,"enemies":"Lagavulin","floor":10.0,"turns":9.0},{"damage":8.0,"enemies":"Blue Slaver","floor":11.0,"turns":4.0},{"damage":0.0,"enemies":"Gremlin Nob","floor":12.0,"turns":2.0},{"damage":16.0,"enemies":"2 Fungi Beasts","floor":13.0,"turns":3.0},{"damage":0.0,"enemies":"Lots of Slimes","floor":14.0,"turns":3.0},{"damage":23.0,"enemies":"Hexaghost","floor":16.0,"turns":9.0},{"damage":11.0,"enemies":"2 Thieves","floor":18.0,"turns":3.0},{"damage":3.0,"enemies":"Shell Parasite","floor":19.0,"turns":3.0},{"damage":12.0,"enemies":"Slavers","floor":23.0,"turns":3.0},{"damage":9.0,"enemies":"Gremlin Leader","floor":25.0,"turns":4.0},{"damage":0.0,"enemies":"Snake Plant","floor":28.0,"turns":2.0},{"damage":0.0,"enemies":"Snecko","floor":29.0,"turns":3.0},{"damage":0.0,"enemies":"Book of Stabbing","floor":30.0,"turns":3.0},{"damage":0.0,"enemies":"Masked Bandits","floor":31.0,"turns":1.0},{"damage":8.0,"enemies":"Collector","floor":33.0,"turns":7.0},{"damage":15.0,"enemies":"3 Darklings","floor":35.0,"turns":3.0},{"damage":9.0,"enemies":"Orb Walker","floor":36.0,"turns":4.0},{"damage":14.0,"enemies":"3 Darklings","floor":38.0,"turns":5.0},{"damage":0,"enemies":"Spire Growth","floor":39,"turns":1}],"seed_played":"-3476877504961123104","potions_obtained":[{"floor":3.0,"key":"FairyPotion"},{"floor":10.0,"key":"FairyPotion"},{"floor":13.0,"key":"GamblersBrew"},{"floor":16.0,"key":"LiquidMemories"}],"is_trial":false,"path_per_floor":["M","?","M","?","$","E","M","?","T","E","M","E","M","M","R","B",null,"M","M","?","$","?","E","R","E","T","R","M","M","E","?","R","B",null,"M","M","?","M","M"],"character_chosen":"WATCHER","items_purchased":["SashWhip","LikeWater+1","HandOfGreed"],"campfire_rested":1,"item_purchase_floors":[5,21,21],"current_hp_per_floor":[61,61,59,64,64,52,52,52,52,17,9,9,20,20,20,20,55,44,51,51,51,51,39,39,30,30,50,50,50,50,50,50,42,61,46,37,27,13,13],"gold":708,"neow_bonus":"RANDOM_COLORLESS_2","is_prod":false,"is_daily":false,"chose_seed":false,"campfire_upgraded":3,"win_rate":0,"timestamp":1651860797,"path_taken":["M","?","M","?","$","E","M","?","T","E","?","E","M","M","R","BOSS","M","M","?","$","?","E","R","E","T","R","M","M","E","?","R","BOSS","M","M","?","?","M"],"build_version":"2022-03-07","purchased_purges":1,"victory":false,"max_hp_per_floor":[62,62,62,67,67,67,67,67,67,67,67,67,67,67,67,67,67,67,67,67,67,67,67,67,67,67,67,67,67,67,67,67,67,67,67,67,67,67,67],"card_choices":[{"not_picked":["Secret Technique","Sadistic Nature"],"picked":"Panache","floor":0.0},{"not_picked":["Halt","Collect"],"picked":"Adaptation","floor":1.0},{"not_picked":["JustLucky","Prostrate"],"picked":"Consecrate","floor":3.0},{"not_picked":["Judgement","SignatureMove"],"picked":"ClearTheMind","floor":6.0},{"not_picked":["Evaluate","ThirdEye"],"picked":"Halt","floor":7.0},{"not_picked":["SashWhip","EmptyBody"],"picked":"Consecrate","floor":10.0},{"not_picked":["BattleHymn","BowlingBash"],"picked":"CutThroughFate","floor":11.0},{"not_picked":["Evaluate","PathToVictory"],"picked":"FlurryOfBlows","floor":12.0},{"not_picked":["SignatureMove","DeceiveReality"],"picked":"Wallop","floor":13.0},{"not_picked":["Consecrate","CrushJoints"],"picked":"Omniscience","floor":14.0},{"not_picked":["Establishment","DevaForm"],"picked":"DeusExMachina","floor":16.0},{"not_picked":["Wallop","BattleHymn","EmptyBody"],"picked":"SKIP","floor":18.0},{"not_picked":["JustLucky","Protect"],"picked":"Crescendo+1","floor":19.0},{"not_picked":["ClearTheMind+1","Collect+1"],"picked":"WheelKick","floor":23.0},{"not_picked":["Devotion+1","Crescendo"],"picked":"FlurryOfBlows","floor":25.0},{"not_picked":["BowlingBash","FearNoEvil"],"picked":"Halt","floor":28.0},{"not_picked":["Nirvana+1","ClearTheMind"],"picked":"Wireheading+1","floor":29.0},{"not_picked":["Pray","PathToVictory","CrushJoints"],"picked":"SKIP","floor":30.0},{"not_picked":["EmptyMind","Prostrate"],"picked":"TalkToTheHand","floor":31.0},{"not_picked":["Blasphemy","Ragnarok"],"picked":"DevaForm+1","floor":33.0},{"not_picked":["EmptyBody","Nirvana+1","FollowUp"],"picked":"SKIP","floor":35.0},{"not_picked":["Protect+1","Sanctity","Wallop"],"picked":"SKIP","floor":36.0},{"not_picked":["ForeignInfluence","Prostrate"],"picked":"CutThroughFate+1","floor":38.0}],"player_experience":1028273,"relics_obtained":[{"floor":6.0,"key":"War Paint"},{"floor":9.0,"key":"Bronze Scales"},{"floor":10.0,"key":"PreservedInsect"},{"floor":12.0,"key":"Toy Ornithopter"},{"floor":23.0,"key":"Bag of Preparation"},{"floor":25.0,"key":"Bottled Lightning"},{"floor":26.0,"key":"Kunai"},{"floor":30.0,"key":"Oddly Smooth Stone"},{"floor":31.0,"key":"Red Mask"}],"event_choices":[{"cards_removed":["Defend_P"],"damage_healed":0.0,"max_hp_gain":0.0,"max_hp_loss":0.0,"gold_gain":0.0,"event_name":"The Cleric","player_choice":"Card Removal","floor":2.0,"gold_loss":75.0,"damage_taken":0.0},{"damage_healed":0.0,"max_hp_gain":5.0,"max_hp_loss":0.0,"gold_gain":0.0,"event_name":"Big Fish","player_choice":"Donut","floor":4.0,"gold_loss":0.0,"damage_taken":0.0},{"damage_healed":0.0,"max_hp_gain":0.0,"max_hp_loss":0.0,"gold_gain":0.0,"event_name":"FaceTrader","player_choice":"Trade","floor":8.0,"gold_loss":0.0,"damage_taken":0.0,"relics_obtained":["SsserpentHead"]},{"damage_healed":0.0,"max_hp_gain":0.0,"max_hp_loss":0.0,"gold_gain":0.0,"event_name":"Addict","player_choice":"Obtained Relic","floor":20.0,"gold_loss":85.0,"damage_taken":0.0,"relics_obtained":["Frozen Egg 2"]},{"damage_healed":0.0,"max_hp_gain":0.0,"max_hp_loss":0.0,"gold_gain":0.0,"event_name":"Vampires","player_choice":"Ignored","floor":22.0,"gold_loss":0.0,"damage_taken":0.0},{"damage_healed":0.0,"max_hp_gain":0.0,"max_hp_loss":0.0,"gold_gain":0.0,"event_name":"Masked Bandits","player_choice":"Fought Bandits","floor":31.0,"gold_loss":0.0,"damage_taken":0.0},{"damage_healed":0.0,"max_hp_gain":0.0,"max_hp_loss":0.0,"gold_gain":0.0,"event_name":"Wheel of Change","player_choice":"Damaged","floor":37.0,"gold_loss":0.0,"damage_taken":10.0}],"is_beta":false,"boss_relics":[{"not_picked":["SacredBark","Busted Crown"],"picked":"Sozu"},{"not_picked":["VioletLotus","Black Star"],"picked":"Pandora\u0027s Box"}],"items_purged_floors":[21],"is_endless":false,"potions_floor_spawned":[3,10,13,14,16,18,25,30,33,36],"killed_by":"Spire Growth","ascension_level":20}