{"gold_per_floor":[114,114,114,129,54,90,105,141,141,160,174,189,189,225,225,316,316,335,225,249,262,162,206,206,247,247,247,271,310,325,349,349,349],"floor_reached":33,"playtime":1615,"items_purged":["Defend_P","Strike_P"],"score":708,"play_id":"744debb4-16e0-4296-a9d1-c05e0a1fe102","local_time":"20220502213454","is_ascension_mode":true,"campfire_choices":[{"data":"Eruption","floor":13.0,"key":"SMITH"},{"data":"TalkToTheHand","floor":15.0,"key":"SMITH"},{"data":"Establishment","floor":24.0,"key":"SMITH"},{"data":"MentalFortress","floor":27.0,"key":"SMITH"},{"data":"DevaForm","floor":32.0,"key":"SMITH"}],"neow_cost":"PERCENT_DAMAGE","seed_source_timestamp":0,"circlet_count":0,"master_deck":["AscendersBane","Strike_P","Strike_P","Defend_P","Eruption+1","Vigilance","InnerPeace","BowlingBash","Wallop","EmptyFist","Vengeance","Meditate+1","TalkToTheHand+1","Establishment+1","Halt","Halt","MentalFortress+1","DevaForm+1"],"special_seed":0,"relics":["PureWater","Golden Idol","Sundial","Singing Bowl","Matryoshka","Anchor","Runic Pyramid","Eternal Feather","TeardropLocket","Shuriken","Dream Catcher","Molten Egg 2"],"potions_floor_usage":[33],"damage_taken":[{"damage":1.0,"enemies":"2 Louse","floor":1.0,"turns":2.0},{"damage":0.0,"enemies":"Small Slimes","floor":4.0,"turns":2.0},{"damage":3.0,"enemies":"Lagavulin","floor":6.0,"turns":5.0},{"damage":0.0,"enemies":"Jaw Worm","floor":7.0,"turns":2.0},{"damage":14.0,"enemies":"3 Sentries","floor":8.0,"turns":6.0},{"damage":2.0,"enemies":"Lots of Slimes","floor":10.0,"turns":3.0},{"damage":4.0,"enemies":"2 Fungi Beasts","floor":11.0,"turns":2.0},{"damage":1.0,"enemies":"Red Slaver","floor":12.0,"turns":2.0},{"damage":0.0,"enemies":"Gremlin Nob","floor":14.0,"turns":2.0},{"damage":6.0,"enemies":"The Guardian","floor":16.0,"turns":9.0},{"damage":8.0,"enemies":"2 Thieves","floor":18.0,"turns":3.0},{"damage":14.0,"enemies":"Shell Parasite","floor":20.0,"turns":4.0},{"damage":0.0,"enemies":"Centurion and Healer","floor":21.0,"turns":5.0},{"damage":11.0,"enemies":"Slavers","floor":23.0,"turns":6.0},{"damage":12.0,"enemies":"Book of Stabbing","floor":25.0,"turns":6.0},{"damage":0.0,"enemies":"Snecko","floor":28.0,"turns":4.0},{"damage":10.0,"enemies":"Gremlin Leader","floor":29.0,"turns":6.0},{"damage":8.0,"enemies":"Shelled Parasite and Fungi","floor":30.0,"turns":3.0},{"damage":0.0,"enemies":"Cultist and Chosen","floor":31.0,"turns":5.0},{"damage":6,"enemies":"Champ","floor":33,"turns":2}],"seed_played":"-7257692482729918524","potions_obtained":[{"floor":4.0,"key":"ColorlessPotion"},{"floor":6.0,"key":"Block Potion"},{"floor":8.0,"key":"SpeedPotion"},{"floor":11.0,"key":"EssenceOfSteel"},{"floor":21.0,"key":"GamblersBrew"},{"floor":28.0,"key":"EntropicBrew"},{"floor":30.0,"key":"AttackPotion"}],"is_trial":false,"path_per_floor":["M","?","?","M","$","E","M","E","T","M","M","M","R","E","R","B",null,"M","?","M","M","$","E","R","E","T","R","M","E","M","M","R","B"],"character_chosen":"WATCHER","items_purchased":[],"campfire_rested":0,"item_purchase_floors":[],"current_hp_per_floor":[42,64,62,62,62,59,59,47,47,45,43,42,42,44,44,38,61,53,53,39,41,41,30,39,29,29,38,40,32,26,26,35,29],"gold":349,"neow_bonus":"TRANSFORM_TWO_CARDS","is_prod":false,"is_daily":false,"chose_seed":false,"campfire_upgraded":5,"win_rate":0,"timestamp":1651552494,"path_taken":["M","?","?","M","?","E","M","E","T","M","M","?","R","E","R","BOSS","M","?","?","M","?","E","R","E","T","R","M","E","M","?","R","BOSS"],"build_version":"2022-03-07","purchased_purges":2,"victory":false,"max_hp_per_floor":[68,68,62,62,62,62,62,64,64,64,66,66,66,68,68,68,68,68,68,68,70,70,70,70,72,72,72,74,76,78,78,78,78],"card_choices":[{"not_picked":["JustLucky","SashWhip"],"picked":"Wallop","floor":1.0},{"not_picked":["CutThroughFate","Protect"],"picked":"EmptyFist","floor":4.0},{"not_picked":["BattleHymn","PathToVictory"],"picked":"Vengeance","floor":6.0},{"not_picked":["WaveOfTheHand","CutThroughFate","ConjureBlade"],"picked":"SKIP","floor":7.0},{"not_picked":["Protect","Evaluate","ThirdEye"],"picked":"Singing Bowl","floor":8.0},{"not_picked":["SashWhip","Protect"],"picked":"Meditate","floor":10.0},{"not_picked":["Study","WheelKick","EmptyBody"],"picked":"Singing Bowl","floor":11.0},{"not_picked":["FlurryOfBlows","FollowUp"],"picked":"TalkToTheHand","floor":12.0},{"not_picked":["Vengeance","PathToVictory","Collect"],"picked":"Singing Bowl","floor":14.0},{"not_picked":["Omniscience","ConjureBlade"],"picked":"Establishment","floor":16.0},{"not_picked":["WaveOfTheHand","FlyingSleeves"],"picked":"Halt","floor":18.0},{"not_picked":["EmptyFist","InnerPeace"],"picked":"Halt","floor":20.0},{"not_picked":["Indignation","ClearTheMind","JustLucky"],"picked":"Singing Bowl","floor":21.0},{"not_picked":["FlurryOfBlows","Crescendo"],"picked":"MentalFortress","floor":23.0},{"not_picked":["Fasting2","PathToVictory+1","Alpha"],"picked":"Singing Bowl","floor":25.0},{"not_picked":["Indignation","Consecrate","Prostrate"],"picked":"Singing Bowl","floor":28.0},{"not_picked":["FlyingSleeves+1","SashWhip+1","JustLucky+1"],"picked":"Singing Bowl","floor":29.0},{"not_picked":["CrushJoints+1","PathToVictory","ReachHeaven+1"],"picked":"Singing Bowl","floor":30.0},{"not_picked":["Halt","CrushJoints+1"],"picked":"DevaForm","floor":31.0}],"player_experience":1015485,"relics_obtained":[{"floor":6.0,"key":"Sundial"},{"floor":8.0,"key":"Singing Bowl"},{"floor":9.0,"key":"Matryoshka"},{"floor":14.0,"key":"Anchor"},{"floor":23.0,"key":"Eternal Feather"},{"floor":25.0,"key":"TeardropLocket"},{"floor":26.0,"key":"Shuriken"},{"floor":26.0,"key":"Dream Catcher"},{"floor":29.0,"key":"Molten Egg 2"}],"event_choices":[{"damage_healed":22.0,"max_hp_gain":0.0,"max_hp_loss":0.0,"gold_gain":0.0,"event_name":"Big Fish","player_choice":"Banana","floor":2.0,"gold_loss":0.0,"damage_taken":0.0},{"damage_healed":0.0,"max_hp_gain":0.0,"max_hp_loss":6.0,"gold_gain":0.0,"event_name":"Golden Idol","player_choice":"Lose Max HP","floor":3.0,"gold_loss":0.0,"damage_taken":0.0,"relics_obtained":["Golden Idol"]},{"cards_removed":["Strike_P"],"damage_healed":0.0,"max_hp_gain":0.0,"max_hp_loss":0.0,"gold_gain":0.0,"event_name":"Designer","player_choice":"Upgrade and Remove","floor":19.0,"gold_loss":110.0,"damage_taken":0.0,"cards_upgraded":["Meditate"]}],"is_beta":false,"boss_relics":[{"not_picked":["Pandora\u0027s Box","Snecko Eye"],"picked":"Runic Pyramid"}],"items_purged_floors":[5,22],"is_endless":false,"potions_floor_spawned":[4,6,8,11,21,28,29,30],"killed_by":"Champ","ascension_level":20}