{"gold_per_floor":[110,110,110,125,138,177,177,215,260,23,23,66,66,79,79,174,174,188,4,23,23,23,23,67,67,116,141,157,157,195,219,219,317,317,331,350,225,246,269,302,302,302,302,322,357,370,370,403,403,403,403,403,403,58,93,93],"floor_reached":57,"playtime":3122,"items_purged":["Defend_P","Strike_P","Strike_P","Strike_P+1"],"score":3025,"play_id":"39bf585b-fda5-4b2d-9e6e-d5cf9fb9b022","local_time":"20220428224543","is_ascension_mode":true,"campfire_choices":[{"floor":7.0,"key":"REST"},{"floor":13.0,"key":"REST"},{"data":"Eruption","floor":15.0,"key":"SMITH"},{"floor":23.0,"key":"REST"},{"data":"CrushJoints","floor":25.0,"key":"SMITH"},{"data":"WindmillStrike","floor":29.0,"key":"SMITH"},{"data":"TalkToTheHand","floor":32.0,"key":"SMITH"},{"data":"Fasting2","floor":42.0,"key":"SMITH"},{"floor":47.0,"key":"RECALL"},{"data":"Meditate","floor":49.0,"key":"SMITH"},{"data":"WindmillStrike","floor":53.0,"key":"SMITH"}],"neow_cost":"NONE","seed_source_timestamp":0,"circlet_count":0,"master_deck":["AscendersBane","Eruption+1","Vigilance","TalkToTheHand+1","FearNoEvil+1","CrushJoints+1","Protect","Scrawl","Tantrum","DevaForm+1","WheelKick","Vault","WindmillStrike+1","Wallop","Omniscience","Omniscience","ForeignInfluence+1","MasterReality+1","Establishment+1","Meditate+1","Fasting2+1","BattleHymn","WindmillStrike+1","Wallop","WheelKick"],"special_seed":0,"relics":["PureWater","NeowsBlessing","Golden Idol","Yang","Omamori","Damaru","Vajra","Question Card","Snecko Eye","Necronomicon","Whetstone","MealTicket","Lizard Tail","Astrolabe","Smiling Mask","Dream Catcher","Letter Opener","Nunchaku","Shuriken"],"potions_floor_usage":[56,56],"damage_taken":[{"damage":0.0,"enemies":"2 Louse","floor":1.0,"turns":2.0},{"damage":0.0,"enemies":"Cultist","floor":4.0,"turns":1.0},{"damage":0.0,"enemies":"Small Slimes","floor":5.0,"turns":1.0},{"damage":26.0,"enemies":"Lagavulin","floor":6.0,"turns":4.0},{"damage":4.0,"enemies":"Gremlin Nob","floor":8.0,"turns":3.0},{"damage":0.0,"enemies":"Lagavulin","floor":12.0,"turns":4.0},{"damage":2.0,"enemies":"2 Fungi Beasts","floor":14.0,"turns":3.0},{"damage":29.0,"enemies":"Slime Boss","floor":16.0,"turns":6.0},{"damage":14.0,"enemies":"Shell Parasite","floor":18.0,"turns":5.0},{"damage":0.0,"enemies":"2 Thieves","floor":20.0,"turns":2.0},{"damage":0.0,"enemies":"Gremlin Leader","floor":24.0,"turns":3.0},{"damage":0.0,"enemies":"Centurion and Healer","floor":27.0,"turns":3.0},{"damage":0.0,"enemies":"3 Cultists","floor":28.0,"turns":2.0},{"damage":7.0,"enemies":"Slavers","floor":30.0,"turns":3.0},{"damage":0.0,"enemies":"Snake Plant","floor":31.0,"turns":1.0},{"damage":6.0,"enemies":"Collector","floor":33.0,"turns":5.0},{"damage":0.0,"enemies":"3 Shapes","floor":35.0,"turns":1.0},{"damage":0.0,"enemies":"Orb Walker","floor":36.0,"turns":1.0},{"damage":0.0,"enemies":"Maw","floor":38.0,"turns":3.0},{"damage":0.0,"enemies":"Spire Growth","floor":39.0,"turns":2.0},{"damage":0.0,"enemies":"Nemesis","floor":40.0,"turns":2.0},{"damage":0.0,"enemies":"3 Darklings","floor":44.0,"turns":2.0},{"damage":0.0,"enemies":"Giant Head","floor":45.0,"turns":4.0},{"damage":0.0,"enemies":"Writhing Mass","floor":46.0,"turns":3.0},{"damage":2.0,"enemies":"Nemesis","floor":48.0,"turns":6.0},{"damage":5.0,"enemies":"Awakened One","floor":50.0,"turns":7.0},{"damage":14.0,"enemies":"Donu and Deca","floor":51.0,"turns":3.0},{"damage":0.0,"enemies":"Shield and Spear","floor":55.0,"turns":2.0},{"damage":41,"enemies":"The Heart","floor":56,"turns":7}],"seed_played":"-2147176017381755880","potions_obtained":[{"floor":1.0,"key":"FearPotion"},{"floor":4.0,"key":"Strength Potion"},{"floor":6.0,"key":"CultistPotion"},{"floor":14.0,"key":"CultistPotion"},{"floor":16.0,"key":"FearPotion"},{"floor":18.0,"key":"Ancient Potion"},{"floor":24.0,"key":"GamblersBrew"},{"floor":28.0,"key":"BottledMiracle"},{"floor":30.0,"key":"Energy Potion"},{"floor":33.0,"key":"Regen Potion"},{"floor":38.0,"key":"Strength Potion"},{"floor":40.0,"key":"DistilledChaos"},{"floor":55.0,"key":"SneckoOil"}],"is_trial":false,"path_per_floor":["M","?","?","M","M","E","R","E","T","$","?","E","R","M","R","B",null,"M","$","M","?","?","R","E","R","T","M","M","R","E","M","R","B",null,"M","M","$","M","M","E","?","R","T","M","E","M","R","E","R","B","B",null,"R","$","E","B",null],"character_chosen":"WATCHER","items_purchased":["Vajra","DevaForm","WheelKick","Nunchaku","BottledMiracle"],"campfire_rested":3,"item_purchase_floors":[10,19,54,54,54],"current_hp_per_floor":[61,38,38,38,38,12,32,28,28,28,21,21,41,39,39,10,54,40,40,40,19,19,39,39,39,39,39,39,39,32,32,32,26,58,58,58,68,68,68,68,68,68,68,68,68,68,68,66,66,61,47,63,63,68,68,27],"gold":93,"neow_bonus":"THREE_ENEMY_KILL","is_prod":false,"is_daily":false,"chose_seed":false,"campfire_upgraded":7,"win_rate":0,"timestamp":1651211143,"path_taken":["M","?","?","?","?","E","R","E","T","$","?","E","R","M","R","BOSS","M","$","M","?","?","R","E","R","T","M","M","R","E","M","R","BOSS","M","M","$","M","?","E","?","R","T","M","E","M","R","E","R","BOSS","BOSS","R","$","E","BOSS"],"build_version":"2022-03-07","purchased_purges":4,"victory":true,"max_hp_per_floor":[68,68,68,68,68,68,68,68,68,68,68,68,68,68,68,68,68,68,68,68,68,68,68,68,68,68,68,68,68,68,68,68,68,68,68,68,68,68,68,68,68,68,68,68,68,68,68,68,68,68,68,68,68,68,68,68],"card_choices":[{"not_picked":["Crescendo","Protect"],"picked":"TalkToTheHand","floor":1.0},{"not_picked":["BowlingBash","LikeWater"],"picked":"FearNoEvil","floor":4.0},{"not_picked":["Fasting2","SignatureMove"],"picked":"CrushJoints","floor":5.0},{"not_picked":["Crescendo","ClearTheMind"],"picked":"Protect","floor":6.0},{"not_picked":["Consecrate","Devotion","WreathOfFlame"],"picked":"SKIP","floor":8.0},{"not_picked":["WheelKick","Pray","ForeignInfluence"],"picked":"SKIP","floor":12.0},{"not_picked":["Fasting2","Consecrate","ThirdEye","Sanctity"],"picked":"SKIP","floor":14.0},{"not_picked":["MasterReality","DeusExMachina","SpiritShield"],"picked":"Scrawl","floor":16.0},{"not_picked":["CrushJoints","FlurryOfBlows","WaveOfTheHand+1"],"picked":"Tantrum","floor":18.0},{"not_picked":["SignatureMove","Evaluate","EmptyBody"],"picked":"WheelKick","floor":20.0},{"not_picked":["CarveReality","ClearTheMind+1","ThirdEye"],"picked":"Vault","floor":24.0},{"not_picked":["FlyingSleeves","Protect+1","ClearTheMind"],"picked":"WindmillStrike","floor":27.0},{"not_picked":["Evaluate","Consecrate","SashWhip"],"picked":"Wallop","floor":28.0},{"not_picked":["FlurryOfBlows","WindmillStrike","Tantrum"],"picked":"Omniscience","floor":30.0},{"not_picked":["ForeignInfluence","Consecrate","FollowUp","Prostrate+1"],"picked":"SKIP","floor":31.0},{"not_picked":["Ragnarok","SpiritShield","Devotion"],"picked":"Omniscience","floor":33.0},{"not_picked":["PathToVictory","LikeWater","Halt"],"picked":"Meditate","floor":35.0},{"not_picked":["MentalFortress+1","WreathOfFlame","Vengeance"],"picked":"Fasting2","floor":36.0},{"not_picked":["EmptyBody","CutThroughFate","Protect"],"picked":"BattleHymn","floor":38.0},{"not_picked":["ThirdEye","Evaluate","ClearTheMind","PathToVictory"],"picked":"SKIP","floor":39.0},{"not_picked":["Blasphemy","ThirdEye","SandsOfTime"],"picked":"WindmillStrike","floor":40.0},{"not_picked":["SashWhip+1","Halt+1","CutThroughFate","CrushJoints"],"picked":"SKIP","floor":44.0},{"not_picked":["ClearTheMind","SandsOfTime+1","Protect"],"picked":"Wallop","floor":45.0},{"not_picked":["Sanctity","Prostrate","Nirvana","Worship"],"picked":"SKIP","floor":46.0},{"not_picked":["Sanctity","EmptyBody","Swivel","BowlingBash"],"picked":"SKIP","floor":48.0},{"not_picked":["Conclude+1","FlyingSleeves+1","LessonLearned","Evaluate"],"picked":"SKIP","floor":55.0}],"player_experience":1005982,"relics_obtained":[{"floor":6.0,"key":"Yang"},{"floor":8.0,"key":"Omamori"},{"floor":9.0,"key":"Damaru"},{"floor":12.0,"key":"Question Card"},{"floor":21.0,"key":"Necronomicon"},{"floor":24.0,"key":"Whetstone"},{"floor":26.0,"key":"MealTicket"},{"floor":30.0,"key":"Lizard Tail"},{"floor":40.0,"key":"Smiling Mask"},{"floor":45.0,"key":"Dream Catcher"},{"floor":48.0,"key":"Letter Opener"},{"floor":55.0,"key":"Shuriken"}],"event_choices":[{"damage_healed":0.0,"max_hp_gain":0.0,"max_hp_loss":0.0,"gold_gain":0.0,"event_name":"Golden Idol","player_choice":"Take Damage","floor":2.0,"gold_loss":0.0,"damage_taken":23.0,"relics_obtained":["Golden Idol"]},{"damage_healed":0.0,"max_hp_gain":0.0,"max_hp_loss":0.0,"gold_gain":0.0,"event_name":"Match and Keep!","player_choice":"0 cards matched","floor":3.0,"gold_loss":0.0,"damage_taken":0.0,"cards_obtained":[]},{"cards_removed":["Defend_P"],"damage_healed":0.0,"max_hp_gain":0.0,"max_hp_loss":0.0,"gold_gain":0.0,"event_name":"Golden Wing","player_choice":"Card Removal","floor":11.0,"gold_loss":0.0,"damage_taken":7.0},{"damage_healed":0.0,"max_hp_gain":0.0,"max_hp_loss":0.0,"gold_gain":0.0,"event_name":"Cursed Tome","player_choice":"Obtained Book","floor":21.0,"gold_loss":0.0,"damage_taken":21.0},{"damage_healed":0.0,"max_hp_gain":0.0,"max_hp_loss":0.0,"gold_gain":0.0,"event_name":"Accursed Blacksmith","player_choice":"Forge","floor":22.0,"gold_loss":0.0,"damage_taken":0.0,"cards_upgraded":["DevaForm"]},{"damage_healed":0.0,"max_hp_gain":0.0,"max_hp_loss":0.0,"gold_gain":0.0,"event_name":"Tomb of Lord Red Mask","player_choice":"Ignored","floor":41.0,"gold_loss":0.0,"damage_taken":0.0}],"is_beta":false,"boss_relics":[{"not_picked":["Fusion Hammer","Sozu"],"picked":"Snecko Eye"},{"not_picked":["Philosopher\u0027s Stone","Tiny House"],"picked":"Astrolabe"}],"items_purged_floors":[10,19,37,54],"is_endless":false,"potions_floor_spawned":[1,4,6,14,16,18,24,28,30,33,38,40,44,45,55],"ascension_level":20}