{"gold_per_floor":[116,116,126,201,212,212,212,52,77,111,130,130,140,150,150,150],"floor_reached":16,"playtime":523,"items_purged":[],"score":224,"play_id":"2b3fe9a2-f33e-4840-b723-14142b8b3a27","local_time":"20220507142205","is_ascension_mode":true,"campfire_choices":[{"data":"Dualcast","floor":6,"key":"SMITH"},{"floor":15,"key":"REST"}],"neow_cost":"NONE","seed_source_timestamp":192478983600,"circlet_count":0,"master_deck":["AscendersBane","Strike_B","Strike_B","Strike_B","Strike_B","Defend_B","Defend_B","Defend_B","Defend_B","Zap+1","Dualcast+1","Genetic Algorithm","Turbo","Conserve Battery","Core Surge","Capacitor","Steam","Lockon","Hologram","Ball Lightning"],"relics":["Cracked Core","Unceasing Top","Centennial Puzzle","Frozen Egg 2"],"potions_floor_usage":[10,12,13,16,16],"damage_taken":[{"damage":3,"enemies":"2 Louse","floor":1,"turns":3},{"damage":0,"enemies":"Cultist","floor":3,"turns":4},{"damage":5,"enemies":"Small Slimes","floor":5,"turns":3},{"damage":15,"enemies":"Lagavulin","floor":10,"turns":7},{"damage":11,"enemies":"2 Fungi Beasts","floor":11,"turns":3},{"damage":0,"enemies":"Gremlin Nob","floor":12,"turns":2},{"damage":0,"enemies":"Lots of Slimes","floor":13,"turns":5},{"damage":0,"enemies":"Blue Slaver","floor":14,"turns":3},{"damage":41,"enemies":"The Guardian","floor":16,"turns":8}],"seed_played":"-7234902025551942782","potions_obtained":[{"floor":1,"key":"Energy Potion"},{"floor":7,"key":"Swift Potion"},{"floor":7,"key":"SmokeBomb"},{"floor":10,"key":"Swift Potion"},{"floor":13,"key":"SteroidPotion"},{"floor":14,"key":"Energy Potion"}],"is_trial":false,"path_per_floor":["M","?","M","?","M","R","?","$","T","E","M","E","M","M","R","B"],"character_chosen":"DEFECT","items_purchased":["Core Surge","Capacitor"],"campfire_rested":1,"item_purchase_floors":[8,8],"current_hp_per_floor":[61,61,61,50,45,45,45,45,45,30,19,19,19,19,40,0],"gold":150,"neow_bonus":"UPGRADE_CARD","is_prod":false,"is_daily":false,"chose_seed":false,"campfire_upgraded":1,"win_rate":0,"timestamp":1651958525,"path_taken":["M","?","?","?","M","R","?","$","T","E","M","E","M","?","R","BOSS"],"build_version":"2022-03-07","purchased_purges":0,"victory":false,"max_hp_per_floor":[71,71,71,71,71,71,71,71,71,71,71,71,71,71,71,71],"card_choices":[{"not_picked":["Hologram","Sweeping Beam"],"picked":"Genetic Algorithm","floor":1},{"not_picked":["Cold Snap","Gash"],"picked":"Turbo","floor":3},{"not_picked":["Steam Power","White Noise"],"picked":"Conserve Battery","floor":5},{"not_picked":["Lockon","Sweeping Beam"],"picked":"Steam","floor":10},{"not_picked":["Sweeping Beam","Steam Power"],"picked":"Lockon","floor":11},{"not_picked":["Redo","Leap"],"picked":"Hologram","floor":13},{"not_picked":["Heatsinks+1","Machine Learning+1"],"picked":"Ball Lightning","floor":14}],"player_experience":1052184,"relics_obtained":[{"floor":9,"key":"Centennial Puzzle"},{"floor":10,"key":"Frozen Egg 2"}],"event_choices":[{"damage_healed":0,"gold_gain":0,"player_choice":"Gave Potion","damage_taken":0,"relics_obtained":["Unceasing Top"],"max_hp_gain":0,"max_hp_loss":0,"event_name":"WeMeetAgain","floor":2,"gold_loss":0},{"damage_healed":0,"gold_gain":75,"player_choice":"Gather Gold","damage_taken":11,"max_hp_gain":0,"max_hp_loss":0,"event_name":"World of Goop","floor":4,"gold_loss":0},{"damage_healed":0,"gold_gain":0,"player_choice":"Got Potions","damage_taken":0,"max_hp_gain":0,"max_hp_loss":0,"event_name":"Lab","floor":7,"gold_loss":0}],"is_beta":false,"boss_relics":[],"items_purged_floors":[],"is_endless":false,"potions_floor_spawned":[1,10,13,14],"killed_by":"The Guardian","ascension_level":20}