{"gold_per_floor":[20,20,34,34,50,50,388,388,388,388,421,401,401],"floor_reached":13,"playtime":611,"items_purged":[],"score":186,"play_id":"323d6eb6-3a50-4fc9-a59f-66613eadfa62","local_time":"20220507125407","is_ascension_mode":true,"campfire_choices":[{"data":"Envenom","floor":6.0,"key":"SMITH"},{"floor":8.0,"key":"REST"},{"floor":10.0,"key":"REST"}],"neow_cost":"NO_GOLD","seed_source_timestamp":0,"circlet_count":0,"master_deck":["AscendersBane","Strike_G","Strike_G","Strike_G","Strike_G","Strike_G","Defend_G","Defend_G","Defend_G","Defend_G","Defend_G","Survivor","Neutralize","Secret Technique","Poisoned Stab","Envenom+1","Dash","Unload","Deadly Poison","Catalyst"],"special_seed":0,"relics":["Ring of the Snake","Golden Idol","Old Coin","Boot"],"potions_floor_usage":[],"damage_taken":[{"damage":9.0,"enemies":"Small Slimes","floor":1.0,"turns":5.0},{"damage":2.0,"enemies":"2 Louse","floor":3.0,"turns":3.0},{"damage":6.0,"enemies":"Cultist","floor":5.0,"turns":4.0},{"damage":44.0,"enemies":"Gremlin Nob","floor":7.0,"turns":5.0},{"damage":17.0,"enemies":"3 Sentries","floor":11.0,"turns":10.0},{"damage":22.0,"enemies":"Exordium Thugs","floor":12.0,"turns":4.0},{"damage":0,"enemies":"Lagavulin","floor":13,"turns":1}],"seed_played":"-8507688766335698581","potions_obtained":[{"floor":5.0,"key":"SkillPotion"},{"floor":7.0,"key":"SpeedPotion"},{"floor":11.0,"key":"LiquidBronze"}],"is_trial":false,"path_per_floor":["M","?","M","?","M","R","E","R","T","R","E","M","E"],"character_chosen":"THE_SILENT","items_purchased":[],"campfire_rested":2,"item_purchase_floors":[],"current_hp_per_floor":[50,50,48,60,54,54,10,28,28,46,29,7,7],"gold":401,"neow_bonus":"RANDOM_COLORLESS_2","is_prod":false,"is_daily":false,"chose_seed":false,"campfire_upgraded":1,"win_rate":0,"timestamp":1651953247,"path_taken":["M","?","M","?","?","R","E","R","T","R","E","M","E"],"build_version":"2022-03-07","purchased_purges":0,"victory":false,"max_hp_per_floor":[66,60,60,60,60,60,60,60,60,60,60,60,60],"card_choices":[{"not_picked":["Magnetism","Violence"],"picked":"Secret Technique","floor":0.0},{"not_picked":["Prepared","Masterful Stab"],"picked":"Poisoned Stab","floor":1.0},{"not_picked":["Bane","Finisher"],"picked":"Envenom","floor":3.0},{"not_picked":["Underhanded Strike","Dagger Spray"],"picked":"Dash","floor":5.0},{"not_picked":["Acrobatics","Quick Slash"],"picked":"Unload","floor":7.0},{"not_picked":["Quick Slash","Cloak And Dagger"],"picked":"Deadly Poison","floor":11.0},{"not_picked":["Eviscerate","Acrobatics"],"picked":"Catalyst","floor":12.0}],"player_experience":1050491,"relics_obtained":[{"floor":7.0,"key":"Old Coin"},{"floor":11.0,"key":"Boot"}],"event_choices":[{"damage_healed":0.0,"max_hp_gain":0.0,"max_hp_loss":6.0,"gold_gain":0.0,"event_name":"Golden Idol","player_choice":"Lose Max HP","floor":2.0,"gold_loss":0.0,"damage_taken":0.0,"relics_obtained":["Golden Idol"]},{"damage_healed":12.0,"max_hp_gain":0.0,"max_hp_loss":0.0,"gold_gain":0.0,"event_name":"Wheel of Change","player_choice":"Full Heal","floor":4.0,"gold_loss":0.0,"damage_taken":0.0}],"is_beta":false,"boss_relics":[],"items_purged_floors":[],"is_endless":false,"potions_floor_spawned":[5,7,11],"killed_by":"Lagavulin","ascension_level":20}