{"gold_per_floor":[118,172,186,186,198,226,226,261,343,363,391,19,30,56,56,132,132,149,149,17,17],"floor_reached":21,"playtime":749,"items_purged":["Strike_B"],"score":464,"play_id":"d49a0fc8-a12e-471e-bdc6-37007aff3b70","local_time":"20220427224624","is_ascension_mode":true,"campfire_choices":[{"floor":7.0,"key":"REST"},{"data":"HandOfGreed","floor":15.0,"key":"SMITH"}],"neow_cost":"NONE","seed_source_timestamp":0,"circlet_count":0,"master_deck":["AscendersBane","Defend_B","Defend_B","Defend_B","Defend_B","Zap","Dualcast","Doom and Gloom","Cold Snap","Cold Snap","Gash","Undo","Barrage","Turbo","HandOfGreed+1","Ball Lightning","All For One","Stack","Compile Driver","Fusion","Chill","Ball Lightning"],"special_seed":0,"relics":["Cracked Core","Shovel","Toy Ornithopter","Matryoshka","Prayer Wheel","OrangePellets","Bronze Scales","Inserter"],"potions_floor_usage":[],"damage_taken":[{"damage":4.0,"enemies":"Small Slimes","floor":1.0,"turns":4.0},{"damage":7.0,"enemies":"Jaw Worm","floor":3.0,"turns":3.0},{"damage":0.0,"enemies":"Cultist","floor":5.0,"turns":3.0},{"damage":5.0,"enemies":"3 Sentries","floor":6.0,"turns":5.0},{"damage":24.0,"enemies":"Lagavulin","floor":8.0,"turns":6.0},{"damage":0.0,"enemies":"2 Fungi Beasts","floor":10.0,"turns":4.0},{"damage":9.0,"enemies":"3 Sentries","floor":11.0,"turns":5.0},{"damage":8.0,"enemies":"3 Louse","floor":13.0,"turns":2.0},{"damage":0.0,"enemies":"Gremlin Nob","floor":14.0,"turns":3.0},{"damage":14.0,"enemies":"The Guardian","floor":16.0,"turns":12.0},{"damage":15.0,"enemies":"Spheric Guardian","floor":18.0,"turns":4.0},{"damage":0,"floor":21,"turns":1}],"seed_played":"-5637779206765403670","potions_obtained":[{"floor":0.0,"key":"DuplicationPotion"},{"floor":0.0,"key":"Dexterity Potion"},{"floor":1.0,"key":"SkillPotion"},{"floor":8.0,"key":"Strength Potion"},{"floor":10.0,"key":"FocusPotion"},{"floor":11.0,"key":"Fruit Juice"},{"floor":18.0,"key":"FocusPotion"}],"is_trial":false,"path_per_floor":["M","?","M","?","M","E","R","E","T","M","E","$","M","E","R","B",null,"M","?","$","?"],"character_chosen":"DEFECT","items_purchased":["OrangePellets","HandOfGreed","Ball Lightning"],"campfire_rested":1,"item_purchase_floors":[12,12,20],"current_hp_per_floor":[60,60,53,53,53,48,69,45,45,45,41,41,33,38,38,24,59,44,44,44,44],"gold":17,"neow_bonus":"THREE_SMALL_POTIONS","is_prod":false,"is_daily":false,"chose_seed":false,"campfire_upgraded":1,"win_rate":0,"timestamp":1651124784,"path_taken":["M","?","M","?","M","E","R","E","T","M","E","$","?","E","R","BOSS","M","?","$","?"],"build_version":"2022-03-07","purchased_purges":1,"victory":false,"max_hp_per_floor":[71,71,71,71,71,71,71,71,71,71,71,71,71,71,71,71,71,71,71,71,71],"card_choices":[{"not_picked":["Melter","Go for the Eyes"],"picked":"Doom and Gloom","floor":1.0},{"not_picked":["Redo","Beam Cell"],"picked":"Cold Snap","floor":3.0},{"not_picked":["Rebound","Machine Learning"],"picked":"Cold Snap","floor":5.0},{"not_picked":["Tempest","Melter"],"picked":"Gash","floor":6.0},{"not_picked":["Beam Cell","Genetic Algorithm"],"picked":"Undo","floor":8.0},{"not_picked":["Sweeping Beam","Redo"],"picked":"Barrage","floor":10.0},{"not_picked":["Streamline","Barrage"],"picked":"Turbo","floor":11.0},{"not_picked":["Consume","Turbo","Storm"],"picked":"SKIP","floor":13.0},{"not_picked":["Streamline","Cold Snap","Sweeping Beam"],"picked":"SKIP","floor":13.0},{"not_picked":["Consume","Redo"],"picked":"Ball Lightning","floor":14.0},{"not_picked":["Core Surge","Multi-Cast"],"picked":"All For One","floor":16.0},{"not_picked":["Hologram","Go for the Eyes"],"picked":"Stack","floor":18.0},{"not_picked":["Static Discharge","Stack+1"],"picked":"Compile Driver","floor":18.0}],"player_experience":1004144,"relics_obtained":[{"floor":6.0,"key":"Shovel"},{"floor":8.0,"key":"Toy Ornithopter"},{"floor":9.0,"key":"Matryoshka"},{"floor":11.0,"key":"Prayer Wheel"},{"floor":14.0,"key":"Bronze Scales"}],"event_choices":[{"damage_healed":0.0,"max_hp_gain":0.0,"max_hp_loss":0.0,"gold_gain":54.0,"event_name":"Golden Wing","player_choice":"Gained Gold","floor":2.0,"gold_loss":0.0,"damage_taken":0.0},{"cards_removed":["Strike_B"],"damage_healed":0.0,"max_hp_gain":0.0,"max_hp_loss":0.0,"gold_gain":0.0,"event_name":"Purifier","player_choice":"Purged","floor":4.0,"gold_loss":0.0,"damage_taken":0.0},{"damage_healed":0.0,"max_hp_gain":0.0,"max_hp_loss":0.0,"gold_gain":0.0,"cards_transformed":["Strike_B","Strike_B"],"event_name":"Drug Dealer","player_choice":"Became Test Subject","floor":19.0,"gold_loss":0.0,"damage_taken":0.0,"cards_obtained":["Fusion","Chill"]}],"is_beta":false,"boss_relics":[{"not_picked":["Coffee Dripper","Calling Bell"],"picked":"Inserter"}],"items_purged_floors":[20],"is_endless":false,"potions_floor_spawned":[1,3,8,10,11,18],"ascension_level":20}