{"gold_per_floor":[116,116,116,41,64,98,98,138,161,161,180,194,194,218,218,307,307,331,70,91,91,107,107,132,132,132,164,164,164,197,213,213,290,290,303,101,117,117,137,137,148,180,204,204,221,251,262,276,276,276],"floor_reached":50,"playtime":2103,"items_purged":["Strike_R","Strike_R"],"score":1294,"play_id":"e492d92e-94fd-463c-842b-86586f5641be","local_time":"20220507230337","is_ascension_mode":true,"campfire_choices":[{"data":"Bash","floor":7.0,"key":"SMITH"},{"data":"Bludgeon","floor":10.0,"key":"SMITH"},{"data":"Armaments","floor":15,"key":"SMITH"},{"data":"Bloodletting","floor":23,"key":"SMITH"},{"data":"Blood for Blood","floor":28,"key":"SMITH"},{"data":"Anger","floor":32,"key":"SMITH"},{"floor":40,"key":"RECALL"},{"floor":44,"key":"REST"},{"floor":49,"key":"REST"}],"neow_cost":"NONE","seed_source_timestamp":29863662694900,"circlet_count":0,"master_deck":["AscendersBane","Strike_R+1","Defend_R","Defend_R+1","Defend_R","Bash+1","Heavy Blade+1","Anger+1","Bludgeon+1","Spot Weakness","Armaments+1","Bloodletting+1","Inflame","Offering+1","Intimidate+1","Shrug It Off","Blood for Blood+1","True Grit+1","Impervious","Ghostly Armor+1","Reaper","Feel No Pain","Intimidate+1","Searing Blow","Shrug It Off","Dual Wield+1","Feel No Pain","Dual Wield+1","Dropkick"],"special_seed":0,"relics":["Burning Blood","NeowsBlessing","Paper Frog","Bloody Idol","Nunchaku","Centennial Puzzle","Blood Vial","Empty Cage","Anchor","Bronze Scales","White Beast Statue","War Paint","Vajra","Fusion Hammer","Omamori","Bottled Lightning"],"potions_floor_usage":[14,16,24,24,33,37,42,46,46,50,50],"damage_taken":[{"damage":0.0,"enemies":"Cultist","floor":1.0,"turns":1.0},{"damage":0.0,"enemies":"Jaw Worm","floor":5.0,"turns":1.0},{"damage":0.0,"enemies":"3 Sentries","floor":6.0,"turns":2.0},{"damage":20.0,"enemies":"Lagavulin","floor":8.0,"turns":6.0},{"damage":8.0,"enemies":"Small Slimes","floor":11.0,"turns":2.0},{"damage":3.0,"enemies":"Blue Slaver","floor":12.0,"turns":3.0},{"damage":3,"enemies":"Exordium Wildlife","floor":14,"turns":2},{"damage":22,"enemies":"Hexaghost","floor":16,"turns":6},{"damage":9,"enemies":"3 Byrds","floor":18,"turns":4},{"damage":12,"enemies":"Shell Parasite","floor":20,"turns":2},{"damage":16,"enemies":"Snecko","floor":22,"turns":4},{"damage":24,"enemies":"Book of Stabbing","floor":24,"turns":3},{"damage":9,"enemies":"Gremlin Leader","floor":27,"turns":1},{"damage":15,"enemies":"Book of Stabbing","floor":30,"turns":2},{"damage":9,"enemies":"Sentry and Sphere","floor":31,"turns":3},{"damage":26,"enemies":"Collector","floor":33,"turns":3},{"damage":9,"enemies":"Orb Walker","floor":35,"turns":3},{"damage":29,"enemies":"3 Darklings","floor":37,"turns":7},{"damage":12,"enemies":"Sphere and 2 Shapes","floor":39,"turns":4},{"damage":9,"enemies":"Writhing Mass","floor":41,"turns":3},{"damage":18,"enemies":"Giant Head","floor":42,"turns":5},{"damage":37,"enemies":"Maw","floor":45,"turns":7},{"damage":63,"enemies":"Reptomancer","floor":46,"turns":6},{"damage":14,"enemies":"4 Shapes","floor":47,"turns":5},{"damage":34,"enemies":"Spire Growth","floor":48,"turns":5},{"damage":89,"enemies":"Time Eater","floor":50,"turns":10}],"seed_played":"-218997510274246235","potions_obtained":[{"floor":1.0,"key":"FearPotion"},{"floor":6.0,"key":"GamblersBrew"},{"floor":12.0,"key":"PowerPotion"},{"floor":14,"key":"SneckoOil"},{"floor":16,"key":"LiquidMemories"},{"floor":18,"key":"Dexterity Potion"},{"floor":22,"key":"EntropicBrew"},{"floor":27,"key":"SteroidPotion"},{"floor":30,"key":"LiquidMemories"},{"floor":33,"key":"Strength Potion"},{"floor":35,"key":"DistilledChaos"},{"floor":37,"key":"AttackPotion"},{"floor":39,"key":"EntropicBrew"},{"floor":42,"key":"Strength Potion"},{"floor":46,"key":"DistilledChaos"}],"is_trial":false,"path_per_floor":["M","T","?","$","M","E","R","E","T","R","M","M","?","M","R","B",null,"M","$","M","?","M","R","E","?","T","E","R","?","E","M","R","B",null,"M","$","M","?","M","R","M","E","T","R","M","E","M","M","R","B"],"character_chosen":"IRONCLAD","items_purchased":["Anchor","Reaper","Feel No Pain"],"campfire_rested":2,"item_purchase_floors":[19,36,36],"current_hp_per_floor":[74,74,48,48,54,60,60,46,46,46,46,51,28,33,33,19,61,60,60,56,56,53,53,42,42,42,46,46,46,44,48,48,35,65,69,69,73,73,74,74,75,68,73,75,66,32,63,42,64,0],"gold":276,"neow_bonus":"THREE_ENEMY_KILL","is_prod":false,"is_daily":false,"chose_seed":false,"campfire_upgraded":6,"win_rate":0,"timestamp":1651989817,"path_taken":["M","?","?","$","M","E","R","E","T","R","M","M","?","M","R","BOSS","M","$","M","?","M","R","E","?","T","E","R","?","E","M","R","BOSS","M","$","?","?","M","R","?","E","T","R","M","E","M","M","R","BOSS"],"build_version":"2022-03-07","purchased_purges":2,"victory":false,"max_hp_per_floor":[75,75,75,75,75,75,75,75,75,75,75,75,75,75,75,75,75,75,75,75,75,75,75,75,75,75,75,75,75,75,75,75,75,75,75,75,75,75,75,75,75,75,75,75,75,75,75,75,75,75],"card_choices":[{"not_picked":["Sentinel","Warcry"],"picked":"Heavy Blade","floor":1.0},{"not_picked":["Warcry","Thunderclap"],"picked":"Anger","floor":5.0},{"not_picked":["Cleave","Dropkick"],"picked":"Bludgeon","floor":6.0},{"not_picked":["Disarm","Combust"],"picked":"Spot Weakness","floor":8.0},{"not_picked":["Body Slam","Thunderclap"],"picked":"Armaments","floor":11.0},{"not_picked":["Clothesline","Rupture"],"picked":"Bloodletting","floor":12.0},{"not_picked":["Thunderclap","Sentinel"],"picked":"Inflame","floor":14},{"not_picked":["Bludgeon","Limit Break"],"picked":"Offering","floor":16},{"not_picked":["Infernal Blade","Warcry"],"picked":"Intimidate","floor":18},{"not_picked":["Iron Wave","Thunderclap","Sword Boomerang"],"picked":"SKIP","floor":20},{"not_picked":["Perfected Strike","Havoc","Infernal Blade+1"],"picked":"SKIP","floor":22},{"not_picked":["Clothesline","Heavy Blade"],"picked":"Shrug It Off","floor":24},{"not_picked":["Immolate","Clash"],"picked":"Blood for Blood","floor":27},{"not_picked":["Sentinel","Rage","Sever Soul"],"picked":"SKIP","floor":30},{"not_picked":["Anger","Reckless Charge"],"picked":"True Grit+1","floor":31},{"not_picked":["Fiend Fire","Bludgeon"],"picked":"Impervious","floor":33},{"not_picked":["Searing Blow+1","Havoc"],"picked":"Ghostly Armor+1","floor":35},{"not_picked":["Sword Boomerang","Blood for Blood"],"picked":"Intimidate+1","floor":37},{"not_picked":["Twin Strike+1","Flex","Clash"],"picked":"SKIP","floor":39},{"not_picked":["Heavy Blade","Havoc"],"picked":"Shrug It Off","floor":41},{"not_picked":["Shrug It Off","Headbutt","Brutality"],"picked":"SKIP","floor":42},{"not_picked":["Twin Strike","Uppercut"],"picked":"Dual Wield+1","floor":45},{"not_picked":["Body Slam","Twin Strike"],"picked":"Feel No Pain","floor":46},{"not_picked":["Havoc","Infernal Blade"],"picked":"Dual Wield+1","floor":47},{"not_picked":["Anger","Iron Wave+1"],"picked":"Dropkick","floor":48}],"player_experience":1055476,"relics_obtained":[{"floor":2.0,"key":"Paper Frog"},{"floor":6.0,"key":"Nunchaku"},{"floor":8.0,"key":"Centennial Puzzle"},{"floor":9.0,"key":"Blood Vial"},{"floor":24,"key":"Bronze Scales"},{"floor":26,"key":"White Beast Statue"},{"floor":27,"key":"War Paint"},{"floor":30,"key":"Vajra"},{"floor":42,"key":"Omamori"},{"floor":46,"key":"Bottled Lightning"}],"event_choices":[{"damage_healed":0.0,"max_hp_gain":0.0,"max_hp_loss":0.0,"gold_gain":0.0,"event_name":"Golden Idol","player_choice":"Take Damage","floor":3.0,"gold_loss":0.0,"damage_taken":26.0,"relics_obtained":["Golden Idol"]},{"damage_healed":0.0,"max_hp_gain":0.0,"max_hp_loss":0.0,"gold_gain":0.0,"event_name":"Shining Light","player_choice":"Entered Light","floor":13.0,"gold_loss":0.0,"damage_taken":23.0,"cards_upgraded":["Strike_R","Defend_R"]},{"damage_healed":0,"gold_gain":0,"player_choice":"Gave Idol","damage_taken":0,"relics_obtained":["Bloody Idol"],"max_hp_gain":0,"max_hp_loss":0,"event_name":"Forgotten Altar","floor":21,"relics_lost":["Golden Idol"],"gold_loss":0},{"damage_healed":0,"gold_gain":0,"player_choice":"Ignored","damage_taken":0,"max_hp_gain":0,"max_hp_loss":0,"event_name":"Ghosts","floor":25,"gold_loss":0},{"damage_healed":0,"gold_gain":0,"player_choice":"Forge","damage_taken":0,"max_hp_gain":0,"max_hp_loss":0,"event_name":"Accursed Blacksmith","floor":29,"gold_loss":0,"cards_upgraded":["Heavy Blade"]},{"damage_healed":0,"gold_gain":0,"cards_transformed":["Strike_R"],"player_choice":"Transformed","damage_taken":0,"max_hp_gain":0,"max_hp_loss":0,"event_name":"Transmorgrifier","floor":38,"gold_loss":0,"cards_obtained":["Searing Blow"]}],"is_beta":false,"boss_relics":[{"not_picked":["SlaversCollar","Ectoplasm"],"picked":"Empty Cage"},{"not_picked":["Black Blood","SacredBark"],"picked":"Fusion Hammer"}],"items_purged_floors":[4,19],"is_endless":false,"potions_floor_spawned":[1,6,12,14,16,18,22,27,30,31,33,35,37,39,41,42,45,46,47,48],"killed_by":"Time Eater","ascension_level":20}