{"gold_per_floor":[110,110,126,137,137,137,170,182,182,19,19,35,65,85,85,162,162,182,182,199,213,232,232],"floor_reached":23,"playtime":9435,"items_purged":[],"score":410,"play_id":"27d37d72-ef18-47bc-b749-3ae4ddd3126e","local_time":"20220506205351","is_ascension_mode":true,"campfire_choices":[{"data":"Eruption","floor":6,"key":"SMITH"},{"floor":11,"key":"REST"},{"floor":15,"key":"REST"}],"neow_cost":"NONE","seed_source_timestamp":1276819685100,"circlet_count":0,"master_deck":["AscendersBane","Strike_P","Strike_P","Strike_P","Defend_P","Eruption+1","Vigilance","CrushJoints","MentalFortress","CutThroughFate","MentalFortress","Meditate","Adaptation","FearNoEvil","Consecrate","Wallop","EmptyFist","Scrawl","Indignation"],"relics":["PureWater","NeowsBlessing","Bronze Scales","Shuriken","Orrery","TungstenRod","Empty Cage"],"potions_floor_usage":[7,13,14,18,22,23],"damage_taken":[{"damage":0,"enemies":"Small Slimes","floor":1,"turns":1},{"damage":0,"enemies":"Cultist","floor":3,"turns":1},{"damage":0,"enemies":"Jaw Worm","floor":4,"turns":1},{"damage":52,"enemies":"3 Sentries","floor":7,"turns":8},{"damage":0,"enemies":"2 Fungi Beasts","floor":8,"turns":3},{"damage":8,"enemies":"Blue Slaver","floor":12,"turns":3},{"damage":10,"enemies":"Gremlin Nob","floor":13,"turns":4},{"damage":3,"enemies":"Exordium Wildlife","floor":14,"turns":2},{"damage":8,"enemies":"Hexaghost","floor":16,"turns":7},{"damage":6,"enemies":"3 Byrds","floor":18,"turns":4},{"damage":1,"enemies":"2 Thieves","floor":20,"turns":3},{"damage":0,"enemies":"Snecko","floor":21,"turns":5},{"damage":16,"enemies":"Cultist and Chosen","floor":22,"turns":6},{"damage":23,"enemies":"Gremlin Leader","floor":23,"turns":3}],"seed_played":"2132115428054536243","potions_obtained":[{"floor":1,"key":"Explosive Potion"},{"floor":8,"key":"LiquidMemories"},{"floor":12,"key":"Explosive Potion"},{"floor":13,"key":"SpeedPotion"},{"floor":18,"key":"SpeedPotion"},{"floor":20,"key":"Weak Potion"}],"is_trial":false,"path_per_floor":["M","?","M","M","?","R","E","M","T","$","R","M","E","M","R","B",null,"M","?","M","M","M","E"],"character_chosen":"WATCHER","items_purchased":["Orrery"],"campfire_rested":2,"item_purchase_floors":[10],"current_hp_per_floor":[61,61,61,61,61,61,9,9,9,9,29,21,11,8,28,20,56,50,40,39,39,23,0],"gold":232,"neow_bonus":"THREE_ENEMY_KILL","is_prod":false,"is_daily":false,"chose_seed":false,"campfire_upgraded":1,"win_rate":0,"timestamp":1651895631,"path_taken":["M","?","M","?","?","R","E","M","T","$","R","?","E","M","R","BOSS","M","?","?","M","?","E"],"build_version":"2022-03-07","purchased_purges":0,"victory":false,"max_hp_per_floor":[68,68,68,68,68,68,68,68,68,68,68,68,68,68,68,68,68,68,68,68,68,68,68],"card_choices":[{"not_picked":["JustLucky","Prostrate"],"picked":"CrushJoints","floor":1},{"not_picked":["FollowUp","SandsOfTime"],"picked":"CutThroughFate","floor":3},{"not_picked":["DeceiveReality","Halt"],"picked":"MentalFortress","floor":4},{"not_picked":["PathToVictory","MasterReality","Protect"],"picked":"SKIP","floor":7},{"not_picked":["Worship","PathToVictory"],"picked":"Meditate","floor":8},{"not_picked":["FlyingSleeves","CarveReality"],"picked":"Adaptation","floor":10},{"not_picked":["InnerPeace","FlyingSleeves"],"picked":"FearNoEvil","floor":10},{"not_picked":["DevaForm","ReachHeaven"],"picked":"Consecrate","floor":10},{"not_picked":["Consecrate","Prostrate"],"picked":"Wallop","floor":12},{"not_picked":["Adaptation","Halt"],"picked":"EmptyFist","floor":13},{"not_picked":["JustLucky","Halt","Swivel"],"picked":"SKIP","floor":14},{"not_picked":["Blasphemy","Devotion"],"picked":"Scrawl","floor":16},{"not_picked":["ThirdEye","CutThroughFate+1","Sanctity"],"picked":"SKIP","floor":18},{"not_picked":["Consecrate","EmptyBody","PathToVictory"],"picked":"SKIP","floor":20},{"not_picked":["ThirdEye","SashWhip","FlyingSleeves+1"],"picked":"SKIP","floor":21},{"not_picked":["Halt","ClearTheMind"],"picked":"Indignation","floor":22}],"player_experience":1040129,"relics_obtained":[{"floor":7,"key":"Bronze Scales"},{"floor":9,"key":"Shuriken"},{"floor":13,"key":"TungstenRod"}],"event_choices":[{"damage_healed":0,"gold_gain":0,"cards_transformed":["Defend_P"],"player_choice":"Transformed","damage_taken":0,"max_hp_gain":0,"max_hp_loss":0,"event_name":"Transmorgrifier","floor":2,"gold_loss":0,"cards_obtained":["MentalFortress"]},{"cards_removed":["Strike_P"],"damage_healed":0,"gold_gain":0,"player_choice":"Purged","damage_taken":0,"max_hp_gain":0,"max_hp_loss":0,"event_name":"Purifier","floor":5,"gold_loss":0},{"damage_healed":0,"gold_gain":0,"player_choice":"POTION ","damage_taken":12,"max_hp_gain":0,"max_hp_loss":0,"event_name":"Knowing Skull","floor":19,"potions_obtained":["ColorlessPotion"],"gold_loss":0,"cards_obtained":[]}],"is_beta":false,"boss_relics":[{"not_picked":["Fusion Hammer","Velvet Choker"],"picked":"Empty Cage"}],"items_purged_floors":[],"is_endless":false,"potions_floor_spawned":[1,8,12,13,18,20],"killed_by":"Gremlin Leader","ascension_level":20}