{"gold_per_floor":[111,121,121,132,144,144,172,172,196,226,226,25,53,71,71,145,145,145],"floor_reached":18,"playtime":3893,"items_purged":["Strike_P"],"score":510,"play_id":"2ab0973a-5352-42e7-ab0b-4bae6e273978","local_time":"20220504192623","is_ascension_mode":true,"campfire_choices":[{"floor":6,"key":"REST"},{"data":"Eruption","floor":8,"key":"SMITH"},{"floor":11,"key":"REST"},{"data":"Adaptation","floor":15,"key":"SMITH"}],"neow_cost":"CURSE","seed_source_timestamp":945015118367100,"circlet_count":0,"master_deck":["AscendersBane","Strike_P","Strike_P+1","Strike_P","Defend_P+1","Defend_P","Defend_P+1","Defend_P+1","Eruption+1","Vigilance+1","LessonLearned+1","MentalFortress+1","EmptyFist","Alpha+1","Meditate","Crescendo","EmptyFist","Adaptation+1","Indignation","LikeWater","Ragnarok"],"special_seed":0,"relics":["PureWater","Orichalcum","Art of War","Akabeko","Dead Branch","Velvet Choker"],"potions_floor_usage":[],"damage_taken":[{"damage":5.0,"enemies":"2 Louse","floor":1.0,"turns":5.0},{"damage":7,"enemies":"Cultist","floor":2,"turns":4},{"damage":4,"enemies":"Small Slimes","floor":4,"turns":3},{"damage":3,"enemies":"Blue Slaver","floor":5,"turns":6},{"damage":16,"enemies":"Lagavulin","floor":7,"turns":7},{"damage":10,"enemies":"Gremlin Nob","floor":10,"turns":3},{"damage":0,"enemies":"Lagavulin","floor":13,"turns":5},{"damage":0,"enemies":"2 Fungi Beasts","floor":14,"turns":2},{"damage":0,"enemies":"Slime Boss","floor":16,"turns":5},{"damage":11,"enemies":"3 Byrds","floor":18,"turns":3}],"seed_played":"-8104913992381894869","potions_obtained":[{"floor":5,"key":"Explosive Potion"},{"floor":7,"key":"CultistPotion"},{"floor":16,"key":"DuplicationPotion"}],"is_trial":false,"path_per_floor":["M","M","?","M","M","R","E","R","T","E","R","$","E","M","R","B",null,"M"],"character_chosen":"WATCHER","items_purchased":["Adaptation","Indignation"],"campfire_rested":2,"item_purchase_floors":[12,12],"current_hp_per_floor":[56,49,49,45,42,61,45,45,45,35,54,54,54,54,54,54,62,51],"gold":145,"neow_bonus":"THREE_RARE_CARDS","is_prod":false,"is_daily":false,"chose_seed":false,"campfire_upgraded":2,"win_rate":0,"timestamp":1651717583,"path_taken":["M","M","?","?","M","R","E","R","T","E","R","$","E","M","R","BOSS","M"],"build_version":"2022-03-07","purchased_purges":1,"victory":false,"max_hp_per_floor":[68,68,65,65,65,65,65,65,65,65,65,65,65,65,65,65,65,65],"card_choices":[{"not_picked":["Establishment","Judgement"],"picked":"LessonLearned","floor":0.0},{"not_picked":["Halt","Crescendo"],"picked":"MentalFortress","floor":1.0},{"not_picked":["ThirdEye","FlyingSleeves"],"picked":"EmptyFist","floor":2},{"not_picked":["Pray","Sanctity"],"picked":"Alpha","floor":4},{"not_picked":["EmptyFist","ClearTheMind"],"picked":"Meditate","floor":5},{"not_picked":["EmptyBody","Devotion"],"picked":"Crescendo","floor":7},{"not_picked":["Consecrate","BowlingBash"],"picked":"EmptyFist","floor":10},{"not_picked":["Swivel","EmptyBody"],"picked":"LikeWater","floor":13},{"not_picked":["EmptyFist","CrushJoints","FlyingSleeves"],"picked":"SKIP","floor":14},{"not_picked":["Devotion","MasterReality"],"picked":"Ragnarok","floor":16}],"player_experience":1018156,"relics_obtained":[{"floor":7,"key":"Orichalcum"},{"floor":9,"key":"Art of War"},{"floor":10,"key":"Akabeko"},{"floor":13,"key":"Dead Branch"}],"event_choices":[{"cards_removed":["Parasite"],"damage_healed":0,"gold_gain":0,"player_choice":"Purged","damage_taken":0,"max_hp_gain":0,"max_hp_loss":0,"event_name":"Purifier","floor":3,"gold_loss":0}],"is_beta":false,"boss_relics":[{"not_picked":["Calling Bell","Coffee Dripper"],"picked":"Velvet Choker"}],"items_purged_floors":[12],"is_endless":false,"potions_floor_spawned":[5,7,10,16],"killed_by":"3 Byrds","ascension_level":20}