{"gold_per_floor":[116,116,126,141,151,151,76,106,106,106,121,121,137,172,172,268,268,282,232,248,266,65,105,121,141,141,180,180,220,220,244,244,337,337,352,69,82,100,124,165,40,78,151,185,35,49,382,382,382,382],"floor_reached":50,"playtime":2944,"items_purged":["Strike_G","Strike_G","Strike_G+1","Poisoned Stab"],"score":1383,"play_id":"c325977e-8f5c-47d9-97ec-bfc18e5eee6a","local_time":"20220427085821","is_ascension_mode":true,"campfire_choices":[{"data":"Apotheosis","floor":6.0,"key":"SMITH"},{"floor":12.0,"key":"REST"},{"floor":15.0,"key":"REST"},{"floor":28.0,"key":"REST"},{"floor":30.0,"key":"REST"},{"floor":32.0,"key":"REST"},{"floor":49,"key":"RECALL"}],"neow_cost":"TEN_PERCENT_HP_LOSS","seed_source_timestamp":0,"circlet_count":0,"master_deck":["AscendersBane","Defend_G","Defend_G","Defend_G","Defend_G","Defend_G","Survivor","Apotheosis+1","Footwork","Blade Dance","Backflip","Dodge and Roll","Well Laid Plans","After Image","Choke+1","Footwork+1","Bouncing Flask","Prepared","Footwork+1","Blade Dance+1","Acrobatics","Dodge and Roll","A Thousand Cuts+1","Deflect","Panache+1","Noxious Fumes+1","Tactician+1","Backflip+1","Deflect+1","Acrobatics","Leg Sweep"],"special_seed":0,"relics":["Ring of the Snake","Matryoshka","Whetstone","The Specimen","MealTicket","Fusion Hammer","OrangePellets","Frozen Egg 2","Gremlin Horn","Letter Opener","Kunai","StoneCalendar","Empty Cage","Anchor","Juzu Bracelet","Ginger"],"potions_floor_usage":[],"damage_taken":[{"damage":6.0,"enemies":"2 Louse","floor":1.0,"turns":5.0},{"damage":0.0,"enemies":"Cultist","floor":3.0,"turns":4.0},{"damage":0.0,"enemies":"Small Slimes","floor":4.0,"turns":6.0},{"damage":5.0,"enemies":"Blue Slaver","floor":5.0,"turns":4.0},{"damage":17.0,"enemies":"Gremlin Nob","floor":8.0,"turns":4.0},{"damage":5.0,"enemies":"Gremlin Gang","floor":11.0,"turns":3.0},{"damage":3.0,"enemies":"3 Louse","floor":13.0,"turns":5.0},{"damage":6.0,"enemies":"Lagavulin","floor":14.0,"turns":8.0},{"damage":29.0,"enemies":"Slime Boss","floor":16.0,"turns":21.0},{"damage":2.0,"enemies":"Chosen","floor":18.0,"turns":7.0},{"damage":4.0,"enemies":"Spheric Guardian","floor":20.0,"turns":5.0},{"damage":9.0,"enemies":"Snake Plant","floor":21.0,"turns":6.0},{"damage":1.0,"enemies":"Book of Stabbing","floor":23.0,"turns":6.0},{"damage":13.0,"enemies":"Cultist and Chosen","floor":24.0,"turns":6.0},{"damage":7.0,"enemies":"Centurion and Healer","floor":25.0,"turns":7.0},{"damage":20.0,"enemies":"Slavers","floor":27.0,"turns":6.0},{"damage":0.0,"enemies":"Gremlin Leader","floor":29.0,"turns":7.0},{"damage":14.0,"enemies":"Snake Plant","floor":31.0,"turns":4.0},{"damage":0.0,"enemies":"Champ","floor":33.0,"turns":14.0},{"damage":21.0,"enemies":"Orb Walker","floor":35.0,"turns":5.0},{"damage":0.0,"enemies":"3 Shapes","floor":37.0,"turns":3.0},{"damage":9.0,"enemies":"Jaw Worm Horde","floor":38.0,"turns":5.0},{"damage":0.0,"enemies":"Sphere and 2 Shapes","floor":39.0,"turns":1.0},{"damage":20.0,"enemies":"Giant Head","floor":40.0,"turns":8.0},{"damage":19.0,"enemies":"Nemesis","floor":42.0,"turns":7.0},{"damage":6.0,"enemies":"Giant Head","floor":44.0,"turns":9.0},{"damage":8,"enemies":"Maw","floor":46,"turns":7},{"damage":16,"enemies":"Awakened One","floor":50,"turns":3}],"seed_played":"-795984053863493510","potions_obtained":[{"floor":3.0,"key":"Poison Potion"},{"floor":8.0,"key":"Energy Potion"},{"floor":11.0,"key":"ColorlessPotion"},{"floor":20.0,"key":"DuplicationPotion"},{"floor":25.0,"key":"SteroidPotion"},{"floor":31.0,"key":"Dexterity Potion"},{"floor":38.0,"key":"ColorlessPotion"},{"floor":40.0,"key":"DuplicationPotion"},{"floor":42.0,"key":"PowerPotion"}],"is_trial":false,"path_per_floor":["M","?","M","M","M","R","$","E","T","?","M","R","M","E","R","B",null,"M","?","M","M","$","E","M","M","T","E","R","E","R","M","R","B",null,"M","$","M","M","M","E","$","E","T","E","$","M","?","?","R","B"],"character_chosen":"THE_SILENT","items_purchased":["Bouncing Flask","OrangePellets","Panache+1"],"campfire_rested":5,"item_purchase_floors":[22,22,36],"current_hp_per_floor":[53,53,53,53,48,48,48,31,31,31,26,42,39,33,49,20,46,44,44,40,31,46,45,32,25,25,5,21,21,37,23,39,39,50,29,44,44,35,35,15,30,11,11,5,20,12,12,12,12,0],"gold":382,"neow_bonus":"RANDOM_COLORLESS_2","is_prod":false,"is_daily":false,"chose_seed":false,"campfire_upgraded":1,"win_rate":0,"timestamp":1651075101,"path_taken":["M","?","M","?","M","R","?","E","T","?","M","R","M","E","R","BOSS","M","?","?","M","$","E","M","M","T","E","R","E","R","M","R","BOSS","M","$","M","M","M","E","$","E","T","E","$","M","?","?","R","BOSS"],"build_version":"2022-03-07","purchased_purges":4,"victory":false,"max_hp_per_floor":[60,60,60,60,60,60,60,60,60,54,54,54,54,54,54,54,54,54,54,54,54,54,54,54,54,54,54,54,54,54,54,54,54,54,54,54,54,54,54,54,54,54,54,54,54,54,54,54,54,54],"card_choices":[{"not_picked":["Master of Strategy","Thinking Ahead"],"picked":"Apotheosis","floor":0.0},{"not_picked":["Cloak And Dagger","Underhanded Strike"],"picked":"Poisoned Stab","floor":1.0},{"not_picked":["Catalyst","Backflip"],"picked":"Footwork","floor":3.0},{"not_picked":["Prepared","Die Die Die"],"picked":"Blade Dance","floor":4.0},{"not_picked":["Infinite Blades","Dagger Spray"],"picked":"Backflip","floor":5.0},{"not_picked":["Flechettes","PiercingWail","Deadly Poison"],"picked":"SKIP","floor":8.0},{"not_picked":["Prepared","Sucker Punch"],"picked":"Dodge and Roll","floor":11.0},{"not_picked":["PiercingWail","Acrobatics"],"picked":"Well Laid Plans","floor":13.0},{"not_picked":["Poisoned Stab","Setup","Outmaneuver"],"picked":"SKIP","floor":14.0},{"not_picked":["Burst","Grand Finale"],"picked":"After Image","floor":16.0},{"not_picked":["Sucker Punch","Blur"],"picked":"Choke+1","floor":18.0},{"not_picked":["Dash","Caltrops","Poisoned Stab"],"picked":"SKIP","floor":20.0},{"not_picked":["Calculated Gamble","Accuracy"],"picked":"Footwork+1","floor":21.0},{"not_picked":["Cloak And Dagger","Slice"],"picked":"Prepared","floor":23.0},{"not_picked":["Blade Dance","Dodge and Roll"],"picked":"Footwork+1","floor":24.0},{"not_picked":["Dagger Throw","Skewer+1","Backstab"],"picked":"SKIP","floor":25.0},{"not_picked":["Backflip","Expertise"],"picked":"Blade Dance+1","floor":27.0},{"not_picked":["Dagger Spray","Distraction"],"picked":"Acrobatics","floor":29.0},{"not_picked":["Sucker Punch","Bane"],"picked":"Dodge and Roll","floor":31.0},{"not_picked":["Malaise","Grand Finale"],"picked":"A Thousand Cuts+1","floor":33.0},{"not_picked":["Leg Sweep","Flechettes"],"picked":"Deflect","floor":35.0},{"not_picked":["Blur","Cloak And Dagger"],"picked":"Noxious Fumes+1","floor":37.0},{"not_picked":["Riddle With Holes","Quick Slash","Dagger Spray+1"],"picked":"SKIP","floor":38.0},{"not_picked":["Backstab","Dagger Throw+1"],"picked":"Tactician+1","floor":39.0},{"not_picked":["Dagger Throw","Choke"],"picked":"Backflip+1","floor":40.0},{"not_picked":["Quick Slash","Sucker Punch"],"picked":"Deflect+1","floor":42.0},{"not_picked":["Footwork+1","Storm of Steel"],"picked":"Acrobatics","floor":44.0},{"not_picked":["Dodge and Roll","Flying Knee"],"picked":"Leg Sweep","floor":46}],"player_experience":1001200,"relics_obtained":[{"floor":8.0,"key":"Matryoshka"},{"floor":9.0,"key":"Whetstone"},{"floor":9.0,"key":"The Specimen"},{"floor":14.0,"key":"MealTicket"},{"floor":23.0,"key":"Frozen Egg 2"},{"floor":26.0,"key":"Gremlin Horn"},{"floor":26.0,"key":"Letter Opener"},{"floor":27.0,"key":"Kunai"},{"floor":29.0,"key":"StoneCalendar"},{"floor":40.0,"key":"Anchor"},{"floor":42.0,"key":"Juzu Bracelet"},{"floor":44.0,"key":"Ginger"}],"event_choices":[{"damage_healed":0.0,"max_hp_gain":0.0,"max_hp_loss":0.0,"gold_gain":0.0,"event_name":"Match and Keep!","player_choice":"0 cards matched","floor":2.0,"gold_loss":0.0,"damage_taken":0.0,"cards_obtained":[]},{"damage_healed":0.0,"max_hp_gain":0.0,"max_hp_loss":6.0,"gold_gain":0.0,"event_name":"Golden Idol","player_choice":"Lose Max HP","floor":10.0,"gold_loss":0.0,"damage_taken":0.0,"relics_obtained":["Golden Idol"]},{"damage_healed":0.0,"max_hp_gain":0.0,"max_hp_loss":0.0,"gold_gain":0.0,"event_name":"The Joust","player_choice":"Bet on Owner","floor":19.0,"gold_loss":50.0,"damage_taken":0.0},{"damage_healed":0,"gold_gain":333,"player_choice":"Gave Idol","damage_taken":0,"max_hp_gain":0,"max_hp_loss":0,"event_name":"The Moai Head","floor":47,"relics_lost":["Golden Idol"],"gold_loss":0},{"cards_removed":["Neutralize"],"damage_healed":0,"gold_gain":0,"player_choice":"Removed Attack","damage_taken":0,"max_hp_gain":0,"max_hp_loss":0,"event_name":"Falling","floor":48,"gold_loss":0}],"is_beta":false,"boss_relics":[{"not_picked":["Calling Bell","Runic Pyramid"],"picked":"Fusion Hammer"},{"not_picked":["SacredBark","Sozu"],"picked":"Empty Cage"}],"items_purged_floors":[7,36,41,45],"is_endless":false,"potions_floor_spawned":[3,8,11,20,21,25,31,38,40,42],"killed_by":"Awakened One","ascension_level":20}