{"gold_per_floor":[115,133,74,74,74,74,117,117,117,130,153,196,212,212,212,307,307,320,339,254,254,273,273,317,317,317,1,1,19,53,53,53,53],"floor_reached":33,"playtime":1145,"items_purged":["Strike_G"],"score":636,"play_id":"cb58083d-9f2f-4772-8f3f-5a9a70f5bd9f","local_time":"20220506173451","is_ascension_mode":true,"campfire_choices":[{"data":"Deadly Poison","floor":6,"key":"SMITH"},{"data":"Neutralize","floor":8,"key":"SMITH"},{"data":"Malaise","floor":15,"key":"SMITH"},{"data":"Corpse Explosion","floor":23,"key":"SMITH"},{"floor":25,"key":"REST"},{"data":"Blade Dance","floor":28,"key":"SMITH"},{"data":"Malaise","floor":32,"key":"SMITH"}],"neow_cost":"NONE","seed_source_timestamp":1113934092138800,"circlet_count":0,"master_deck":["AscendersBane","Strike_G","Strike_G","Strike_G","Strike_G","Defend_G+1","Defend_G","Defend_G","Defend_G","Defend_G+1","Survivor","Neutralize+1","Infinite Blades","Predator","Deadly Poison+1","PiercingWail","Blade Dance+1","Finisher","Malaise+1","Deflect","Corpse Explosion+1","CurseOfTheBell","After Image+1","Envenom+1","Malaise+1"],"relics":["Ring of the Snake","NeowsBlessing","Golden Idol","Torii","Oddly Smooth Stone","War Paint","Singing Bowl","Calling Bell","Akabeko","Ornamental Fan","Thread and Needle","Frozen Egg 2","HornCleat","Meat on the Bone","OrangePellets","Incense Burner"],"potions_floor_usage":[12,22,29,30],"damage_taken":[{"damage":0,"enemies":"Cultist","floor":1,"turns":1},{"damage":0,"enemies":"Small Slimes","floor":2,"turns":1},{"damage":0,"enemies":"Lagavulin","floor":7,"turns":1},{"damage":0,"enemies":"2 Louse","floor":10,"turns":3},{"damage":0,"enemies":"2 Fungi Beasts","floor":11,"turns":3},{"damage":6,"enemies":"Gremlin Nob","floor":12,"turns":3},{"damage":0,"enemies":"Looter","floor":13,"turns":3},{"damage":9,"enemies":"Hexaghost","floor":16,"turns":11},{"damage":0,"enemies":"3 Byrds","floor":18,"turns":4},{"damage":0,"enemies":"2 Thieves","floor":19,"turns":3},{"damage":0,"enemies":"Chosen and Byrds","floor":22,"turns":7},{"damage":20,"enemies":"Slavers","floor":24,"turns":5},{"damage":11,"enemies":"Sentry and Sphere","floor":29,"turns":7},{"damage":7,"enemies":"Book of Stabbing","floor":30,"turns":7},{"damage":41,"enemies":"Champ","floor":33,"turns":14}],"seed_played":"5533929238933322961","potions_obtained":[{"floor":1,"key":"ColorlessPotion"},{"floor":7,"key":"BlessingOfTheForge"},{"floor":11,"key":"Fire Potion"},{"floor":12,"key":"GhostInAJar"},{"floor":18,"key":"Poison Potion"},{"floor":24,"key":"ColorlessPotion"}],"is_trial":false,"path_per_floor":["M","M","$","?","?","R","E","R","T","M","M","E","M","?","R","B",null,"M","M","?","?","M","R","E","R","T","$","R","M","E","$","R","B"],"character_chosen":"THE_SILENT","items_purchased":["Deadly Poison","OrangePellets","Envenom+1"],"campfire_rested":1,"item_purchase_floors":[3,27,27],"current_hp_per_floor":[59,59,59,59,59,59,59,59,59,59,59,53,53,27,27,18,50,52,54,54,54,54,54,36,55,55,55,55,46,39,39,39,0],"gold":53,"neow_bonus":"THREE_ENEMY_KILL","is_prod":false,"is_daily":false,"chose_seed":false,"campfire_upgraded":6,"win_rate":0,"timestamp":1651883691,"path_taken":["M","?","$","?","?","R","E","R","T","M","M","E","M","?","R","BOSS","M","M","?","?","M","R","E","R","T","?","R","M","E","$","R","BOSS"],"build_version":"2022-03-07","purchased_purges":1,"victory":false,"max_hp_per_floor":[66,66,66,60,60,60,60,60,60,60,60,60,60,60,60,60,60,62,64,64,64,64,64,66,66,66,66,66,68,68,68,68,68],"card_choices":[{"not_picked":["Outmaneuver","Slice"],"picked":"Infinite Blades","floor":1},{"not_picked":["Backflip","Quick Slash"],"picked":"Predator","floor":2},{"not_picked":["Dodge and Roll","Flying Knee"],"picked":"PiercingWail","floor":7},{"not_picked":["Dagger Throw","Well Laid Plans"],"picked":"Blade Dance","floor":10},{"not_picked":["Slice","Quick Slash"],"picked":"Finisher","floor":11},{"not_picked":["Bane","Slice"],"picked":"Malaise","floor":12},{"not_picked":["Sucker Punch","Backflip"],"picked":"Deflect","floor":13},{"not_picked":["Doppelganger","Storm of Steel"],"picked":"Corpse Explosion","floor":16},{"not_picked":["Blur","Setup","Dagger Spray"],"picked":"Singing Bowl","floor":18},{"not_picked":["PiercingWail","Quick Slash","Riddle With Holes"],"picked":"Singing Bowl","floor":19},{"not_picked":["Accuracy+1","Crippling Poison"],"picked":"After Image+1","floor":22},{"not_picked":["Flying Knee","Dodge and Roll","Terror"],"picked":"Singing Bowl","floor":24},{"not_picked":["Cloak And Dagger","Underhanded Strike","PiercingWail"],"picked":"Singing Bowl","floor":29},{"not_picked":["Prepared","Backstab"],"picked":"Malaise","floor":30}],"player_experience":1038528,"relics_obtained":[{"floor":7,"key":"Torii"},{"floor":9,"key":"Oddly Smooth Stone"},{"floor":12,"key":"War Paint"},{"floor":17,"key":"Akabeko"},{"floor":17,"key":"Ornamental Fan"},{"floor":17,"key":"Thread and Needle"},{"floor":24,"key":"HornCleat"},{"floor":26,"key":"Meat on the Bone"},{"floor":30,"key":"Incense Burner"}],"event_choices":[{"damage_healed":0,"gold_gain":0,"player_choice":"Lose Max HP","damage_taken":0,"relics_obtained":["Golden Idol"],"max_hp_gain":0,"max_hp_loss":6,"event_name":"Golden Idol","floor":4,"gold_loss":0},{"damage_healed":0,"gold_gain":0,"player_choice":"Ignored","damage_taken":0,"max_hp_gain":0,"max_hp_loss":0,"event_name":"Liars Game","floor":5,"gold_loss":0},{"damage_healed":0,"gold_gain":0,"player_choice":"Success","damage_taken":26,"relics_obtained":["Singing Bowl"],"max_hp_gain":0,"max_hp_loss":0,"event_name":"Scrap Ooze","floor":14,"gold_loss":0},{"damage_healed":0,"gold_gain":0,"player_choice":"Obtained Relic","damage_taken":0,"relics_obtained":["Frozen Egg 2"],"max_hp_gain":0,"max_hp_loss":0,"event_name":"Addict","floor":20,"gold_loss":85},{"damage_healed":0,"gold_gain":0,"player_choice":"Ignored","damage_taken":0,"max_hp_gain":0,"max_hp_loss":0,"event_name":"The Mausoleum","floor":21,"gold_loss":0}],"is_beta":false,"boss_relics":[{"not_picked":["Coffee Dripper","Tiny House"],"picked":"Calling Bell"}],"items_purged_floors":[27],"is_endless":false,"potions_floor_spawned":[1,7,11,12,18,24],"killed_by":"Champ","ascension_level":20}