{"gold_per_floor":[115,40,115,135,35,69,69,89,89,108,140,15,48,65,65,143,143,161,161,178,178,191,191,106,106,155,180,200,50,50,76,76,76],"floor_reached":33,"playtime":1082,"items_purged":["Defend_P","Defend_P","Defend_P","Strike_P"],"score":802,"play_id":"193953b1-619e-4dd0-9f96-b34096edbf03","local_time":"20220507131221","is_ascension_mode":true,"campfire_choices":[{"data":"Eruption","floor":7,"key":"SMITH"},{"data":"TalkToTheHand","floor":15,"key":"SMITH"},{"floor":23,"key":"REST"},{"floor":25,"key":"REST"},{"floor":32,"key":"REST"}],"neow_cost":"NONE","seed_source_timestamp":50170485625500,"circlet_count":0,"master_deck":["AscendersBane","Strike_P","Strike_P+1","Strike_P","Defend_P","Eruption+1","Vigilance","Wallop","Vengeance+1","Brilliance+1","FearNoEvil+1","TalkToTheHand+1","DeusExMachina+1","LessonLearned","WheelKick","Crescendo+1","ClearTheMind+1","Evaluate+1"],"relics":["HolyWater","NeowsBlessing","Letter Opener","Odd Mushroom","Pear","Question Card","Nunchaku","Dream Catcher","Omamori","Toxic Egg 2","Boot"],"potions_floor_usage":[11,13,18,28,31],"damage_taken":[{"damage":0,"enemies":"2 Louse","floor":1,"turns":1},{"damage":0,"enemies":"Small Slimes","floor":4,"turns":1},{"damage":0,"enemies":"Lagavulin","floor":6,"turns":1},{"damage":7,"enemies":"The Mushroom Lair","floor":8,"turns":3},{"damage":4,"enemies":"Jaw Worm","floor":10,"turns":3},{"damage":16,"enemies":"Gremlin Nob","floor":11,"turns":3},{"damage":10,"enemies":"3 Sentries","floor":13,"turns":4},{"damage":0,"enemies":"3 Louse","floor":14,"turns":2},{"damage":0,"enemies":"Hexaghost","floor":16,"turns":6},{"damage":12,"enemies":"3 Byrds","floor":18,"turns":3},{"damage":0,"enemies":"Spheric Guardian","floor":20,"turns":2},{"damage":0,"enemies":"Shelled Parasite and Fungi","floor":22,"turns":2},{"damage":0,"enemies":"Gremlin Leader","floor":27,"turns":4},{"damage":3,"enemies":"3 Cultists","floor":28,"turns":3},{"damage":18,"enemies":"Slavers","floor":31,"turns":4},{"damage":90,"enemies":"Collector","floor":33,"turns":8}],"seed_played":"6556602297110369220","potions_obtained":[{"floor":6,"key":"Swift Potion"},{"floor":10,"key":"BottledMiracle"},{"floor":13,"key":"Fire Potion"},{"floor":16,"key":"CultistPotion"},{"floor":22,"key":"LiquidMemories"}],"is_trial":false,"path_per_floor":["M","$","?","M","$","E","R","?","T","M","E","$","E","M","R","B",null,"M","?","M","?","M","R","?","R","T","E","M","$","?","E","R","B"],"character_chosen":"WATCHER","items_purchased":[],"campfire_rested":3,"item_purchase_floors":[],"current_hp_per_floor":[61,61,50,50,50,50,50,43,53,49,33,33,23,23,23,23,64,52,30,30,30,30,54,54,78,78,78,75,75,75,57,81,0],"gold":76,"neow_bonus":"THREE_ENEMY_KILL","is_prod":false,"is_daily":false,"chose_seed":false,"campfire_upgraded":2,"win_rate":0,"timestamp":1651954341,"path_taken":["M","$","?","M","$","E","R","?","T","M","E","$","E","M","R","BOSS","M","?","M","?","M","R","?","R","T","E","M","$","?","E","R","BOSS"],"build_version":"2022-03-07","purchased_purges":4,"victory":false,"max_hp_per_floor":[68,68,68,68,68,68,68,68,78,78,78,78,78,78,78,78,78,78,83,83,83,83,83,83,83,83,83,83,83,83,83,83,83],"card_choices":[{"not_picked":["PathToVictory","FlyingSleeves"],"picked":"Wallop","floor":1},{"not_picked":["Evaluate","Protect"],"picked":"Vengeance","floor":4},{"not_picked":["Perseverance","Crescendo"],"picked":"Brilliance","floor":6},{"not_picked":["EmptyFist","Pray"],"picked":"FearNoEvil","floor":8},{"not_picked":["SandsOfTime","Fasting2","CrushJoints"],"picked":"SKIP","floor":10},{"not_picked":["FlurryOfBlows","PathToVictory"],"picked":"TalkToTheHand","floor":11},{"not_picked":["Halt","Vengeance","CrushJoints"],"picked":"DeusExMachina","floor":13},{"not_picked":["PathToVictory","CrushJoints","ThirdEye","SashWhip"],"picked":"SKIP","floor":14},{"not_picked":["SpiritShield","Scrawl","Vault"],"picked":"LessonLearned","floor":16},{"not_picked":["CrushJoints+1","Wireheading","Swivel"],"picked":"WheelKick","floor":18},{"not_picked":["EmptyBody","ThirdEye","Collect","PathToVictory"],"picked":"SKIP","floor":20},{"not_picked":["BattleHymn","ClearTheMind","CarveReality+1"],"picked":"Crescendo+1","floor":22},{"not_picked":["CrushJoints","Vengeance+1","BowlingBash","WreathOfFlame+1"],"picked":"SKIP","floor":27},{"not_picked":["WreathOfFlame+1","Consecrate+1","BowlingBash"],"picked":"ClearTheMind+1","floor":28},{"not_picked":["Ragnarok","BowlingBash","WindmillStrike"],"picked":"Evaluate+1","floor":31}],"player_experience":1051102,"relics_obtained":[{"floor":6,"key":"Letter Opener"},{"floor":8,"key":"Odd Mushroom"},{"floor":9,"key":"Pear"},{"floor":11,"key":"Question Card"},{"floor":13,"key":"Nunchaku"},{"floor":26,"key":"Omamori"},{"floor":27,"key":"Toxic Egg 2"},{"floor":31,"key":"Boot"}],"event_choices":[{"damage_healed":0,"gold_gain":75,"player_choice":"Gather Gold","damage_taken":11,"max_hp_gain":0,"max_hp_loss":0,"event_name":"World of Goop","floor":3,"gold_loss":0},{"damage_healed":0,"gold_gain":0,"player_choice":"Fought Mushrooms","damage_taken":0,"max_hp_gain":0,"max_hp_loss":0,"event_name":"Mushrooms","floor":8,"gold_loss":0},{"damage_healed":0,"gold_gain":0,"player_choice":"Shed Blood","damage_taken":27,"max_hp_gain":5,"max_hp_loss":0,"event_name":"Forgotten Altar","floor":19,"gold_loss":0},{"damage_healed":0,"gold_gain":0,"player_choice":"Ignored","damage_taken":0,"max_hp_gain":0,"max_hp_loss":0,"event_name":"The Mausoleum","floor":21,"gold_loss":0},{"damage_healed":0,"gold_gain":0,"player_choice":"Obtained Relic","damage_taken":0,"relics_obtained":["Dream Catcher"],"max_hp_gain":0,"max_hp_loss":0,"event_name":"Addict","floor":24,"gold_loss":85},{"damage_healed":0,"gold_gain":0,"player_choice":"Ignored","damage_taken":0,"max_hp_gain":0,"max_hp_loss":0,"event_name":"Vampires","floor":30,"gold_loss":0}],"is_beta":false,"boss_relics":[{"not_picked":["Busted Crown","Snecko Eye"],"picked":"HolyWater"}],"items_purged_floors":[2,5,12,29],"is_endless":false,"potions_floor_spawned":[6,10,13,16,22],"killed_by":"Collector","ascension_level":20}