{"gold_per_floor":[116,116,134,153,153,179,179,254,301,145,158,176,176,176],"floor_reached":14,"playtime":899,"items_purged":["Strike_R"],"score":180,"play_id":"261a743a-6069-444c-9ed2-b22730ef17a7","local_time":"20220506210948","is_ascension_mode":true,"campfire_choices":[{"floor":7,"key":"REST"}],"neow_cost":"CURSE","seed_source_timestamp":10921205306000,"circlet_count":0,"master_deck":["AscendersBane","Strike_R","Strike_R","Strike_R","Strike_R","Defend_R","Defend_R","Defend_R","Defend_R","Bash","Corruption","Perfected Strike","Flame Barrier","Juggernaut","Armaments","Shrug It Off"],"relics":["Burning Blood","FaceOfCleric","Orichalcum","Regal Pillow","HornCleat"],"potions_floor_usage":[6,11,14],"damage_taken":[{"damage":21,"enemies":"Jaw Worm","floor":1,"turns":4},{"damage":15,"enemies":"Cultist","floor":3,"turns":4},{"damage":3,"enemies":"2 Louse","floor":4,"turns":4},{"damage":19,"enemies":"Lagavulin","floor":6,"turns":7},{"damage":15,"enemies":"Large Slime","floor":11,"turns":6},{"damage":15,"enemies":"3 Louse","floor":12,"turns":3},{"damage":30,"enemies":"Gremlin Nob","floor":14,"turns":4}],"seed_played":"5787355333379169987","potions_obtained":[{"floor":4,"key":"AttackPotion"},{"floor":6,"key":"Strength Potion"}],"is_trial":false,"path_per_floor":["M","?","M","M","?","E","R","?","T","$","M","M","?","E"],"character_chosen":"IRONCLAD","items_purchased":["AttackPotion","Armaments"],"campfire_rested":1,"item_purchase_floors":[10,10],"current_hp_per_floor":[53,53,45,49,42,30,53,42,42,42,34,26,26,0],"gold":176,"neow_bonus":"THREE_RARE_CARDS","is_prod":false,"is_daily":false,"chose_seed":false,"campfire_upgraded":0,"win_rate":0,"timestamp":1651896588,"path_taken":["M","?","M","?","?","E","R","?","T","$","M","M","?","E"],"build_version":"2022-03-07","purchased_purges":1,"victory":false,"max_hp_per_floor":[75,75,76,77,77,78,78,78,78,78,79,80,80,80],"card_choices":[{"not_picked":["Limit Break","Brutality"],"picked":"Corruption","floor":0},{"not_picked":["Twin Strike","Power Through"],"picked":"Perfected Strike","floor":1},{"not_picked":["Cleave","Warcry"],"picked":"Flame Barrier","floor":3},{"not_picked":["Sword Boomerang","Warcry","Flex"],"picked":"SKIP","floor":4},{"not_picked":["Perfected Strike","Combust"],"picked":"Juggernaut","floor":6},{"not_picked":["Flex","Second Wind"],"picked":"Shrug It Off","floor":11},{"not_picked":["Infernal Blade","Carnage","Wild Strike"],"picked":"SKIP","floor":12}],"player_experience":1049564,"relics_obtained":[{"floor":6,"key":"Orichalcum"},{"floor":9,"key":"Regal Pillow"}],"event_choices":[{"damage_healed":0,"gold_gain":0,"player_choice":"Trade","damage_taken":0,"relics_obtained":["FaceOfCleric"],"max_hp_gain":0,"max_hp_loss":0,"event_name":"FaceTrader","floor":2,"gold_loss":0},{"cards_removed":["Regret"],"damage_healed":0,"gold_gain":0,"player_choice":"Card Removal","damage_taken":7,"max_hp_gain":0,"max_hp_loss":0,"event_name":"Golden Wing","floor":5,"gold_loss":0},{"damage_healed":0,"gold_gain":75,"player_choice":"Gather Gold","damage_taken":11,"max_hp_gain":0,"max_hp_loss":0,"event_name":"World of Goop","floor":8,"gold_loss":0},{"damage_healed":0,"gold_gain":0,"player_choice":"Searched \u00271\u0027 times","damage_taken":0,"relics_obtained":["HornCleat"],"max_hp_gain":0,"max_hp_loss":0,"event_name":"Dead Adventurer","floor":13,"gold_loss":0}],"is_beta":false,"boss_relics":[],"items_purged_floors":[10],"is_endless":false,"potions_floor_spawned":[4,6],"killed_by":"Gremlin Nob","ascension_level":20}