{"gold_per_floor":[112,112,122,122,133,167,167,167,190,140,154,104,116,116],"floor_reached":14,"playtime":293,"items_purged":["Strike_G","Strike_G"],"score":180,"play_id":"02f30a33-afd9-4fb9-aad2-cde12bb755e4","local_time":"20220510090559","is_ascension_mode":true,"campfire_choices":[{"floor":8.0,"key":"REST"}],"neow_cost":"NONE","seed_source_timestamp":0,"circlet_count":0,"master_deck":["AscendersBane","Strike_G","Strike_G","Strike_G","Defend_G","Defend_G","Defend_G","Defend_G","Defend_G","Survivor","Neutralize","Dash","Underhanded Strike","Tactician","Underhanded Strike","Deadly Poison","After Image","Dagger Throw"],"special_seed":0,"relics":["Ring of the Snake","NeowsBlessing","WarpedTongs","Dream Catcher","Smiling Mask"],"potions_floor_usage":[14],"damage_taken":[{"damage":0.0,"enemies":"Small Slimes","floor":1.0,"turns":1.0},{"damage":0.0,"enemies":"Cultist","floor":3.0,"turns":1.0},{"damage":1.0,"enemies":"Jaw Worm","floor":5.0,"turns":1.0},{"damage":52.0,"enemies":"Gremlin Nob","floor":6.0,"turns":6.0},{"damage":2.0,"enemies":"Exordium Wildlife","floor":11.0,"turns":4.0},{"damage":9.0,"enemies":"3 Louse","floor":13.0,"turns":3.0},{"damage":0,"enemies":"3 Sentries","floor":14,"turns":2}],"seed_played":"-6911635684986358120","potions_obtained":[{"floor":1.0,"key":"Swift Potion"},{"floor":3.0,"key":"Dexterity Potion"}],"is_trial":false,"path_per_floor":["M","?","M","?","M","E","?","R","T","$","M","$","M","E"],"character_chosen":"THE_SILENT","items_purchased":[],"campfire_rested":1,"item_purchase_floors":[],"current_hp_per_floor":[59,55,55,55,54,2,2,21,21,21,19,19,10,10],"gold":116,"neow_bonus":"THREE_ENEMY_KILL","is_prod":false,"is_daily":false,"chose_seed":false,"campfire_upgraded":0,"win_rate":0,"timestamp":1652198759,"path_taken":["M","?","?","?","?","E","?","R","T","$","?","$","?","E"],"build_version":"2022-03-07","purchased_purges":2,"victory":false,"max_hp_per_floor":[66,66,66,66,66,66,66,66,66,66,66,66,66,66],"card_choices":[{"not_picked":["Endless Agony","Flechettes"],"picked":"Dash","floor":1.0},{"not_picked":["Dagger Throw","Prepared"],"picked":"Underhanded Strike","floor":3.0},{"not_picked":["Bane","Slice"],"picked":"Tactician","floor":5.0},{"not_picked":["Deflect","Dodge and Roll"],"picked":"Underhanded Strike","floor":6.0},{"not_picked":["Outmaneuver","Dagger Spray"],"picked":"Deadly Poison","floor":8.0},{"not_picked":["Sucker Punch","Bouncing Flask"],"picked":"After Image","floor":11.0},{"not_picked":["Slice","Leg Sweep"],"picked":"Dagger Throw","floor":13.0}],"player_experience":1065721,"relics_obtained":[{"floor":6.0,"key":"Dream Catcher"},{"floor":9.0,"key":"Smiling Mask"}],"event_choices":[{"damage_healed":0.0,"max_hp_gain":0.0,"max_hp_loss":0.0,"gold_gain":0.0,"event_name":"The Woman in Blue","player_choice":"Bought 0 Potions","floor":2.0,"gold_loss":0.0,"damage_taken":0.0},{"damage_healed":0.0,"max_hp_gain":0.0,"max_hp_loss":0.0,"gold_gain":0.0,"event_name":"Accursed Blacksmith","player_choice":"Rummage","floor":4.0,"gold_loss":0.0,"damage_taken":0.0,"relics_obtained":["WarpedTongs"],"cards_obtained":["Pain"]},{"cards_removed":["Pain"],"damage_healed":0.0,"max_hp_gain":0.0,"max_hp_loss":0.0,"gold_gain":0.0,"event_name":"Fountain of Cleansing","player_choice":"Removed Curses","floor":7.0,"gold_loss":0.0,"damage_taken":0.0}],"is_beta":false,"boss_relics":[],"items_purged_floors":[10,12],"is_endless":false,"potions_floor_spawned":[1,3,13],"killed_by":"3 Sentries","ascension_level":20}