{"gold_per_floor":[111,111,122,47,62,62,92,106,106,132,57,84,84,118,118,118],"floor_reached":16,"playtime":641,"items_purged":["Strike_B"],"score":256,"play_id":"f82c8c01-69cb-4c9c-8dff-876fd7930693","local_time":"20220509121321","is_ascension_mode":true,"campfire_choices":[{"data":"Zap","floor":6,"key":"SMITH"},{"floor":13,"key":"REST"},{"data":"Rainbow","floor":15,"key":"SMITH"}],"neow_cost":"PERCENT_DAMAGE","seed_source_timestamp":89061041579600,"circlet_count":0,"master_deck":["AscendersBane","Strike_B","Strike_B","Defend_B","Defend_B","Defend_B","Defend_B","Zap+1","Dualcast","Rainbow+1","Glacier","Cold Snap","Compile Driver","Glacier","Go for the Eyes","Streamline","Core Surge"],"relics":["Cracked Core","Turnip","Du-Vu Doll","Shovel","PreservedInsect","Nunchaku"],"potions_floor_usage":[10,12,16],"damage_taken":[{"damage":6,"enemies":"2 Louse","floor":1,"turns":3},{"damage":4,"enemies":"Small Slimes","floor":3,"turns":3},{"damage":0,"enemies":"Cultist","floor":5,"turns":4},{"damage":11,"enemies":"Lagavulin","floor":7,"turns":9},{"damage":0,"enemies":"3 Louse","floor":8,"turns":5},{"damage":8,"enemies":"3 Sentries","floor":10,"turns":7},{"damage":29,"enemies":"Gremlin Nob","floor":12,"turns":5},{"damage":8,"enemies":"Lagavulin","floor":14,"turns":5},{"damage":24,"enemies":"Hexaghost","floor":16,"turns":9}],"seed_played":"2275200558975796402","potions_obtained":[{"floor":1,"key":"LiquidBronze"},{"floor":3,"key":"Weak Potion"},{"floor":12,"key":"BlessingOfTheForge"}],"is_trial":false,"path_per_floor":["M","?","M","?","M","R","E","M","T","E","$","E","R","E","R","B"],"character_chosen":"DEFECT","items_purchased":[],"campfire_rested":1,"item_purchase_floors":[],"current_hp_per_floor":[40,63,59,59,59,59,48,48,48,40,40,11,32,24,24,0],"gold":118,"neow_bonus":"THREE_RARE_CARDS","is_prod":false,"is_daily":false,"chose_seed":false,"campfire_upgraded":2,"win_rate":0,"timestamp":1652123601,"path_taken":["M","?","M","?","M","R","E","M","T","E","$","E","R","E","R","BOSS"],"build_version":"2022-03-07","purchased_purges":1,"victory":false,"max_hp_per_floor":[71,71,71,71,71,71,71,71,71,71,71,71,71,71,71,71],"card_choices":[{"not_picked":["Multi-Cast","Meteor Strike"],"picked":"Rainbow","floor":0},{"not_picked":["Skim","Sunder"],"picked":"Glacier","floor":1},{"not_picked":["Recycle","Stack"],"picked":"Cold Snap","floor":3},{"not_picked":["Conserve Battery","Chill"],"picked":"Compile Driver","floor":5},{"not_picked":["Storm","Redo"],"picked":"Glacier","floor":7},{"not_picked":["Gash","Stack"],"picked":"Go for the Eyes","floor":8},{"not_picked":["Coolheaded","Sunder"],"picked":"Streamline","floor":10},{"not_picked":["Go for the Eyes","Beam Cell"],"picked":"Core Surge","floor":12},{"not_picked":["Darkness","Barrage","Streamline"],"picked":"SKIP","floor":14}],"player_experience":1061716,"relics_obtained":[{"floor":7,"key":"Turnip"},{"floor":9,"key":"Du-Vu Doll"},{"floor":10,"key":"Shovel"},{"floor":12,"key":"PreservedInsect"},{"floor":14,"key":"Nunchaku"}],"event_choices":[{"damage_healed":23,"gold_gain":0,"player_choice":"Banana","damage_taken":0,"max_hp_gain":0,"max_hp_loss":0,"event_name":"Big Fish","floor":2,"gold_loss":0},{"cards_removed":["Strike_B"],"damage_healed":0,"gold_gain":0,"player_choice":"Card Removal","damage_taken":0,"max_hp_gain":0,"max_hp_loss":0,"event_name":"The Cleric","floor":4,"gold_loss":75}],"is_beta":false,"boss_relics":[],"items_purged_floors":[11],"is_endless":false,"potions_floor_spawned":[1,3,12],"killed_by":"Hexaghost","ascension_level":20}