{"gold_per_floor":[117,42,42,62,80,80,109,119,144,163,163,188,208,236,236,312,312,326,326,53,71,71,71,105,30,30,60,60,78,98,112,112,190,190,201,212,257,274,285,285,301,326,349,378,378,412,41,41,41,41,41,41,41,5,37,37],"floor_reached":57,"playtime":8879,"items_purged":["Defend_P","Strike_P"],"score":2934,"play_id":"7469071a-f36d-4cbb-a277-5ff6b05171ce","local_time":"20220515120002","is_ascension_mode":true,"campfire_choices":[{"data":"Eruption","floor":6.0,"key":"SMITH"},{"floor":15.0,"key":"REST"},{"data":"Study","floor":23.0,"key":"SMITH"},{"floor":28.0,"key":"REST"},{"data":"Meditate","floor":32.0,"key":"SMITH"},{"floor":40.0,"key":"REST"},{"floor":49,"key":"RECALL"},{"data":"MentalFortress","floor":53,"key":"SMITH"}],"neow_cost":"NONE","seed_source_timestamp":272175809701100,"circlet_count":0,"master_deck":["AscendersBane","Strike_P","Strike_P+1","Defend_P","Defend_P","Eruption+1","Vigilance","Scrawl","EmptyFist","DevaForm","FearNoEvil","Meditate+1","Study+1","FlurryOfBlows","Omniscience","RitualDagger+1","MentalFortress+1","Indignation","WheelKick","Scrawl","EmptyFist+1","Crescendo+1","Thinking Ahead","Adaptation"],"special_seed":0,"relics":["PureWater","Anchor","Bronze Scales","Omamori","Pen Nib","Nunchaku","VioletLotus","Bag of Preparation","Yang","PreservedInsect","MealTicket","Runic Pyramid","TungstenRod","Whetstone","Du-Vu Doll","The Courier","Centennial Puzzle","TeardropLocket","Bird Faced Urn"],"potions_floor_usage":[56],"damage_taken":[{"damage":0.0,"enemies":"Jaw Worm","floor":1.0,"turns":3.0},{"damage":0.0,"enemies":"Small Slimes","floor":4.0,"turns":2.0},{"damage":6.0,"enemies":"Cultist","floor":5.0,"turns":3.0},{"damage":22.0,"enemies":"3 Sentries","floor":7.0,"turns":7.0},{"damage":0.0,"enemies":"Blue Slaver","floor":8.0,"turns":1.0},{"damage":6.0,"enemies":"Looter","floor":10.0,"turns":3.0},{"damage":0.0,"enemies":"3 Louse","floor":13.0,"turns":3.0},{"damage":0.0,"enemies":"Gremlin Nob","floor":14.0,"turns":2.0},{"damage":6.0,"enemies":"Hexaghost","floor":16.0,"turns":7.0},{"damage":4.0,"enemies":"2 Thieves","floor":18.0,"turns":2.0},{"damage":3.0,"enemies":"Spheric Guardian","floor":21.0,"turns":3.0},{"damage":14.0,"enemies":"Book of Stabbing","floor":24.0,"turns":4.0},{"damage":0.0,"enemies":"Slavers","floor":27.0,"turns":2.0},{"damage":4.0,"enemies":"3 Cultists","floor":29.0,"turns":4.0},{"damage":0.0,"enemies":"Chosen and Byrds","floor":30.0,"turns":3.0},{"damage":0.0,"enemies":"Centurion and Healer","floor":31.0,"turns":3.0},{"damage":14.0,"enemies":"Collector","floor":33.0,"turns":6.0},{"damage":0.0,"enemies":"3 Darklings","floor":35.0,"turns":2.0},{"damage":0.0,"enemies":"Orb Walker","floor":36.0,"turns":2.0},{"damage":8.0,"enemies":"2 Orb Walkers","floor":37.0,"turns":4.0},{"damage":16.0,"enemies":"Spire Growth","floor":38.0,"turns":2.0},{"damage":0.0,"enemies":"Sphere and 2 Shapes","floor":39.0,"turns":3.0},{"damage":0.0,"enemies":"Transient","floor":41.0,"turns":6.0},{"damage":7.0,"enemies":"Reptomancer","floor":42.0,"turns":3.0},{"damage":15.0,"enemies":"Nemesis","floor":44.0,"turns":3.0},{"damage":2.0,"enemies":"Giant Head","floor":46.0,"turns":4.0},{"damage":24,"enemies":"Awakened One","floor":50,"turns":6},{"damage":14,"enemies":"Donu and Deca","floor":51,"turns":5},{"damage":0,"enemies":"Shield and Spear","floor":55,"turns":1},{"damage":64,"enemies":"The Heart","floor":56,"turns":6}],"seed_played":"-3651053746492685437","potions_obtained":[{"floor":1.0,"key":"LiquidMemories"},{"floor":7.0,"key":"FearPotion"},{"floor":14.0,"key":"CultistPotion"},{"floor":16.0,"key":"SteroidPotion"},{"floor":21.0,"key":"Dexterity Potion"},{"floor":31.0,"key":"Fire Potion"},{"floor":33.0,"key":"Block Potion"},{"floor":37.0,"key":"LiquidMemories"},{"floor":38.0,"key":"Swift Potion"}],"is_trial":false,"path_per_floor":["M","$","?","M","M","R","E","M","T","M","?","T","M","E","R","B",null,"M","?","$","M","?","R","E","?","T","E","R","M","M","M","R","B",null,"M","M","?","M","M","R","M","E","T","E","?","E","$","?","R","B","B",null,"R","$","E","B",null],"character_chosen":"WATCHER","items_purchased":["Bag of Preparation","Centennial Puzzle","TeardropLocket","SteroidPotion","Adaptation"],"campfire_rested":3,"item_purchase_floors":[20,47,47,47,54],"current_hp_per_floor":[61,61,61,61,55,55,33,33,33,27,1,1,1,1,21,15,55,51,51,51,48,42,42,28,28,28,28,48,44,44,44,44,30,59,59,59,51,35,35,55,55,48,48,33,33,31,46,46,46,22,8,53,53,68,68,10],"gold":37,"neow_bonus":"ONE_RANDOM_RARE_CARD","is_prod":false,"is_daily":false,"chose_seed":false,"campfire_upgraded":4,"win_rate":0,"timestamp":1652641202,"path_taken":["M","$","?","M","M","R","E","M","T","M","?","?","M","E","R","BOSS","M","?","$","M","?","R","E","?","T","E","R","?","M","M","R","BOSS","M","M","?","M","M","R","M","E","T","E","?","E","$","?","R","BOSS","BOSS","R","$","E","BOSS"],"build_version":"2022-03-07","purchased_purges":2,"victory":true,"max_hp_per_floor":[68,68,68,68,68,68,68,68,68,68,68,68,68,68,68,68,68,68,68,68,68,68,68,68,68,68,68,68,68,68,68,68,68,68,68,68,68,68,68,68,68,68,68,68,68,68,68,68,68,68,68,68,68,68,68,68],"card_choices":[{"not_picked":["ForeignInfluence","ThirdEye"],"picked":"EmptyFist","floor":1.0},{"not_picked":["Consecrate","Crescendo"],"picked":"FearNoEvil","floor":4.0},{"not_picked":["WaveOfTheHand","Evaluate"],"picked":"Meditate","floor":5.0},{"not_picked":["PathToVictory","FollowUp"],"picked":"Study","floor":7.0},{"not_picked":["Crescendo","ConjureBlade","FollowUp"],"picked":"SKIP","floor":8.0},{"not_picked":["Fasting2","Study"],"picked":"FlurryOfBlows","floor":10.0},{"not_picked":["Consecrate","ThirdEye","Crescendo"],"picked":"SKIP","floor":13.0},{"not_picked":["Collect","FollowUp","Crescendo"],"picked":"SKIP","floor":14.0},{"not_picked":["Brilliance","DevaForm"],"picked":"Omniscience","floor":16.0},{"not_picked":["EmptyFist","ThirdEye","Consecrate"],"picked":"SKIP","floor":18.0},{"not_picked":["Nirvana","Meditate","Crescendo"],"picked":"SKIP","floor":21.0},{"not_picked":["EmptyFist","PathToVictory","Halt"],"picked":"SKIP","floor":24.0},{"not_picked":["Sanctity","Prostrate"],"picked":"MentalFortress","floor":27.0},{"not_picked":["Evaluate+1","ForeignInfluence"],"picked":"Indignation","floor":29.0},{"not_picked":["Vengeance","ClearTheMind","ForeignInfluence"],"picked":"SKIP","floor":30.0},{"not_picked":["Establishment","EmptyBody"],"picked":"WheelKick","floor":31.0},{"not_picked":["LessonLearned","Wish"],"picked":"Scrawl","floor":33.0},{"not_picked":["Vengeance","Sanctity","EmptyFist"],"picked":"SKIP","floor":35.0},{"not_picked":["Sanctity","Meditate","FlyingSleeves+1"],"picked":"SKIP","floor":36.0},{"not_picked":["Evaluate","Weave"],"picked":"EmptyFist+1","floor":37.0},{"not_picked":["Ragnarok","Collect","ClearTheMind"],"picked":"SKIP","floor":38.0},{"not_picked":["Prostrate","Evaluate"],"picked":"Crescendo+1","floor":39.0},{"not_picked":["JustLucky","Protect","SashWhip+1"],"picked":"SKIP","floor":41.0},{"not_picked":["Vengeance+1","PathToVictory","Prostrate"],"picked":"SKIP","floor":42.0},{"not_picked":["EmptyFist+1","FollowUp","ClearTheMind"],"picked":"SKIP","floor":44.0},{"not_picked":["Omniscience","Evaluate","SandsOfTime"],"picked":"SKIP","floor":46.0},{"not_picked":["PanicButton","Sadistic Nature"],"picked":"Thinking Ahead","floor":48},{"not_picked":["Protect","Crescendo+1","FollowUp+1"],"picked":"SKIP","floor":55}],"player_experience":1079355,"relics_obtained":[{"floor":7.0,"key":"Anchor"},{"floor":9.0,"key":"Bronze Scales"},{"floor":12.0,"key":"Pen Nib"},{"floor":14.0,"key":"Nunchaku"},{"floor":24.0,"key":"Yang"},{"floor":26.0,"key":"PreservedInsect"},{"floor":27.0,"key":"MealTicket"},{"floor":37.0,"key":"TungstenRod"},{"floor":42.0,"key":"Whetstone"},{"floor":44.0,"key":"Du-Vu Doll"},{"floor":46.0,"key":"The Courier"},{"floor":55,"key":"Bird Faced Urn"}],"event_choices":[{"damage_healed":0.0,"max_hp_gain":0.0,"max_hp_loss":0.0,"gold_gain":0.0,"cards_transformed":["Defend_P"],"event_name":"Living Wall","player_choice":"Change","floor":3.0,"gold_loss":0.0,"damage_taken":0.0,"cards_obtained":["DevaForm"]},{"damage_healed":0.0,"max_hp_gain":0.0,"max_hp_loss":0.0,"gold_gain":0.0,"event_name":"Scrap Ooze","player_choice":"Success","floor":11.0,"gold_loss":0.0,"damage_taken":26.0,"relics_obtained":["Omamori"]},{"damage_healed":0.0,"max_hp_gain":0.0,"max_hp_loss":0.0,"gold_gain":0.0,"event_name":"The Mausoleum","player_choice":"Ignored","floor":19.0,"gold_loss":0.0,"damage_taken":0.0},{"damage_healed":0.0,"max_hp_gain":0.0,"max_hp_loss":0.0,"gold_gain":0.0,"event_name":"Nest","player_choice":"Joined the Cult","floor":22.0,"gold_loss":0.0,"damage_taken":6.0,"cards_obtained":["RitualDagger"]},{"cards_removed":["Strike_P"],"damage_healed":0.0,"max_hp_gain":0.0,"max_hp_loss":0.0,"gold_gain":0.0,"event_name":"Designer","player_choice":"Single Remove","floor":25.0,"gold_loss":75.0,"damage_taken":0.0},{"damage_healed":0.0,"max_hp_gain":0.0,"max_hp_loss":0.0,"gold_gain":0.0,"event_name":"Mysterious Sphere","player_choice":"Fight","floor":37.0,"gold_loss":0.0,"damage_taken":0.0},{"damage_healed":0.0,"max_hp_gain":0.0,"max_hp_loss":0.0,"gold_gain":0.0,"event_name":"Tomb of Lord Red Mask","player_choice":"Ignored","floor":45.0,"gold_loss":0.0,"damage_taken":0.0},{"damage_healed":0,"gold_gain":0,"player_choice":"Memory 1","damage_taken":0,"max_hp_gain":0,"max_hp_loss":0,"event_name":"SensoryStone","floor":48,"gold_loss":0}],"is_beta":false,"boss_relics":[{"not_picked":["Black Star","Fusion Hammer"],"picked":"VioletLotus"},{"not_picked":["Sozu","Busted Crown"],"picked":"Runic Pyramid"}],"items_purged_floors":[2,20],"is_endless":false,"potions_floor_spawned":[1,7,8,14,16,18,21,31,33,37,38,41],"ascension_level":20}