{"gold_per_floor":[111,130,110,128,138,49,78,105,117,146,0,0,0,0,0,71,71,87,12,12,23,41,69,69,16,97,127,127,127,153,203,203,282,282,296,316,329,329,37,37,37],"floor_reached":41,"playtime":1222,"items_purged":["Barrage"],"score":919,"play_id":"e7c20a16-ff38-4ce0-8ccf-bc7af3fba905","local_time":"20220516145955","is_ascension_mode":true,"campfire_choices":[{"data":"Defragment","floor":13,"key":"SMITH"},{"data":"Defragment","floor":15,"key":"SMITH"},{"floor":24,"key":"REST"},{"floor":28,"key":"REST"},{"data":"Biased Cognition","floor":32,"key":"SMITH"},{"floor":40,"key":"REST"}],"neow_cost":"PERCENT_DAMAGE","seed_source_timestamp":377106411337200,"circlet_count":0,"master_deck":["AscendersBane","Defend_B","Defend_B","Defend_B","Defend_B","Zap","Dualcast","Reinforced Body","Static Discharge","Ball Lightning","Doom and Gloom","Self Repair","Defragment+1","Defragment+1","Electrodynamics","Biased Cognition+1","Defragment+1","Defragment","Biased Cognition","Capacitor+1","BootSequence+1","Cold Snap+1","Master of Strategy"],"relics":["Cracked Core","Odd Mushroom","MawBank","Boot","ClockworkSouvenir","Nuclear Battery","Mummified Hand","Gremlin Horn","Lantern","Girya","Fusion Hammer"],"potions_floor_usage":[7,8,8,16,21,23,27,36],"damage_taken":[{"damage":2,"enemies":"Jaw Worm","floor":1,"turns":3},{"damage":1,"enemies":"Cultist","floor":2,"turns":3},{"damage":7,"enemies":"Small Slimes","floor":4,"turns":3},{"damage":1,"enemies":"2 Fungi Beasts","floor":5,"turns":3},{"damage":7,"enemies":"The Mushroom Lair","floor":7,"turns":3},{"damage":8,"enemies":"Gremlin Nob","floor":8,"turns":3},{"damage":8,"enemies":"Red Slaver","floor":10,"turns":3},{"damage":6,"enemies":"The Guardian","floor":16,"turns":8},{"damage":2,"enemies":"3 Byrds","floor":18,"turns":2},{"damage":8,"enemies":"2 Thieves","floor":21,"turns":4},{"damage":35,"enemies":"3 Cultists","floor":22,"turns":4},{"damage":5,"enemies":"Gremlin Leader","floor":23,"turns":4},{"damage":10,"enemies":"Slavers","floor":27,"turns":2},{"damage":35,"enemies":"Book of Stabbing","floor":30,"turns":4},{"damage":18,"enemies":"Collector","floor":33,"turns":5},{"damage":18,"enemies":"3 Darklings","floor":35,"turns":3},{"damage":21,"enemies":"3 Shapes","floor":36,"turns":2},{"damage":19,"enemies":"Sphere and 2 Shapes","floor":37,"turns":4},{"damage":46,"enemies":"Giant Head","floor":41,"turns":6}],"seed_played":"-725469859293780609","potions_obtained":[{"floor":3,"key":"Strength Potion"},{"floor":5,"key":"PowerPotion"},{"floor":7,"key":"AttackPotion"},{"floor":10,"key":"Explosive Potion"},{"floor":18,"key":"LiquidMemories"},{"floor":33,"key":"PotionOfCapacity"},{"floor":35,"key":"SneckoOil"},{"floor":36,"key":"FocusPotion"}],"is_trial":false,"path_per_floor":["M","M","?","M","M","$","?","E","T","M","$","?","R","$","R","B",null,"M","?","?","M","M","E","R","$","T","E","R","?","E","?","R","B",null,"M","M","M","?","$","R","E"],"character_chosen":"DEFECT","items_purchased":["Self Repair","ClockworkSouvenir","AttackPotion","Master of Strategy"],"campfire_rested":3,"item_purchase_floors":[6,11,25,39],"current_hp_per_floor":[44,43,43,36,35,35,28,27,27,26,26,26,26,26,26,27,60,65,65,53,45,17,19,40,40,40,37,58,58,30,30,30,19,58,47,33,21,21,21,42,0],"gold":37,"neow_bonus":"TRANSFORM_TWO_CARDS","is_prod":false,"is_daily":false,"chose_seed":false,"campfire_upgraded":3,"win_rate":0,"timestamp":1652738395,"path_taken":["M","M","?","?","M","?","?","E","T","M","$","?","R","$","R","BOSS","M","?","?","M","?","E","R","$","T","E","R","?","E","?","R","BOSS","M","M","M","?","$","R","E"],"build_version":"2022-03-07","purchased_purges":1,"victory":false,"max_hp_per_floor":[71,71,71,71,71,71,71,71,71,71,71,71,71,71,71,71,71,71,71,71,71,71,71,71,71,71,71,71,71,71,71,71,71,71,71,71,71,71,71,71,71],"card_choices":[{"not_picked":["Leap","Reprogram"],"picked":"Static Discharge","floor":1},{"not_picked":["Leap","Double Energy"],"picked":"Ball Lightning","floor":2},{"not_picked":["Leap","Aggregate"],"picked":"Doom and Gloom","floor":4},{"not_picked":["Doom and Gloom","Rebound","Reprogram"],"picked":"SKIP","floor":5},{"not_picked":["Gash","Compile Driver"],"picked":"Defragment","floor":7},{"not_picked":["Barrage","Redo","Recycle"],"picked":"SKIP","floor":8},{"not_picked":["Melter","Reinforced Body"],"picked":"Defragment","floor":10},{"not_picked":["Creative AI","Electrodynamics"],"picked":"Biased Cognition","floor":16},{"not_picked":["Go for the Eyes","Sunder","Reprogram"],"picked":"SKIP","floor":18},{"not_picked":["Hologram","Force Field","Scrape"],"picked":"SKIP","floor":21},{"not_picked":["Hologram+1","Leap"],"picked":"Defragment+1","floor":22},{"not_picked":["Sweeping Beam","Beam Cell","Ball Lightning"],"picked":"SKIP","floor":23},{"not_picked":["Sweeping Beam","All For One","Steam"],"picked":"SKIP","floor":27},{"not_picked":["Go for the Eyes","Rebound","Fusion"],"picked":"SKIP","floor":30},{"not_picked":["Thunder Strike","Electrodynamics"],"picked":"Biased Cognition","floor":33},{"not_picked":["Stack","Ball Lightning+1"],"picked":"Capacitor+1","floor":35},{"not_picked":["Defragment","Sweeping Beam+1"],"picked":"BootSequence+1","floor":36},{"not_picked":["White Noise","Rebound"],"picked":"Cold Snap+1","floor":37}],"player_experience":1091845,"relics_obtained":[{"floor":7,"key":"Odd Mushroom"},{"floor":8,"key":"MawBank"},{"floor":9,"key":"Boot"},{"floor":23,"key":"Mummified Hand"},{"floor":26,"key":"Gremlin Horn"},{"floor":27,"key":"Lantern"},{"floor":30,"key":"Girya"}],"event_choices":[{"damage_healed":0,"gold_gain":0,"player_choice":"Bought 1 Potion","damage_taken":0,"max_hp_gain":0,"max_hp_loss":0,"event_name":"The Woman in Blue","floor":3,"gold_loss":0},{"damage_healed":0,"gold_gain":0,"player_choice":"Fought Mushrooms","damage_taken":0,"max_hp_gain":0,"max_hp_loss":0,"event_name":"Mushrooms","floor":7,"gold_loss":0},{"damage_healed":0,"gold_gain":0,"cards_transformed":["Strike_B"],"player_choice":"Transformed","damage_taken":0,"max_hp_gain":0,"max_hp_loss":0,"event_name":"Transmorgrifier","floor":12,"gold_loss":0,"cards_obtained":["Electrodynamics"]},{"cards_removed":["Strike_B"],"damage_healed":0,"gold_gain":0,"player_choice":"Gave Gold","damage_taken":0,"max_hp_gain":0,"max_hp_loss":0,"event_name":"Beggar","floor":19,"gold_loss":75},{"damage_healed":0,"gold_gain":0,"player_choice":"POTION ","damage_taken":12,"max_hp_gain":0,"max_hp_loss":0,"event_name":"Knowing Skull","floor":20,"potions_obtained":["PotionOfCapacity"],"gold_loss":0,"cards_obtained":[]},{"damage_healed":0,"gold_gain":0,"player_choice":"Read","damage_taken":0,"max_hp_gain":0,"max_hp_loss":0,"event_name":"The Library","floor":29,"gold_loss":0,"cards_obtained":["Defragment"]},{"damage_healed":0,"gold_gain":50,"player_choice":"Pray","damage_taken":0,"max_hp_gain":0,"max_hp_loss":0,"event_name":"Golden Shrine","floor":31,"gold_loss":0},{"damage_healed":0,"gold_gain":0,"player_choice":"Ignored","damage_taken":0,"max_hp_gain":0,"max_hp_loss":0,"event_name":"Tomb of Lord Red Mask","floor":38,"gold_loss":0}],"is_beta":false,"boss_relics":[{"not_picked":["Black Star","Calling Bell"],"picked":"Nuclear Battery"},{"not_picked":["Cursed Key","Runic Dome"],"picked":"Fusion Hammer"}],"items_purged_floors":[39],"is_endless":false,"potions_floor_spawned":[5,7,10,18,33,35,36],"killed_by":"Giant Head","ascension_level":20}