{"gold_per_floor":[115,115,132,132,200,200,251,251,251,276,338,338,410,456,456,531,531,601,526,441,453,465,477,522,534,546,593,605,627,639,681,693,784,796,849,50,50,120,191,191],"floor_reached":40,"playtime":1999,"items_purged":["Nirvana+1"],"score":1029,"play_id":"2c186ff2-4aaf-4436-b010-4bc557e08ffb","local_time":"20220509135321","is_ascension_mode":true,"campfire_choices":[{"floor":6.0,"key":"REST"},{"floor":8.0,"key":"REST"},{"data":"Wish","floor":12,"key":"SMITH"},{"data":"MentalFortress","floor":15,"key":"SMITH"},{"data":"Vault","floor":23,"key":"SMITH"},{"data":"Eruption","floor":28,"key":"SMITH"},{"data":"Crescendo","floor":32,"key":"SMITH"}],"neow_cost":"NONE","seed_source_timestamp":93575788280500,"circlet_count":0,"master_deck":["AscendersBane","Strike_P+1","Strike_P+1","Strike_P+1","Strike_P+1","Eruption+1","Vigilance+1","Omniscience+1","CutThroughFate","FollowUp","Wish+1","Vengeance","BowlingBash","InnerPeace","MentalFortress+1","EmptyFist","Crescendo+1","Vault+1","ClearTheMind","Meditate","Scrawl","CrushJoints+1","Omniscience","FlurryOfBlows","EmptyMind"],"special_seed":0,"relics":["HolyWater","StrikeDummy","Eternal Feather","Centennial Puzzle","MawBank","Ancient Tea Set","Sundial","Dream Catcher","The Courier","Astrolabe","Thread and Needle","Turnip","Bottled Tornado"],"potions_floor_usage":[11,14,39],"damage_taken":[{"damage":18.0,"enemies":"Jaw Worm","floor":1.0,"turns":8.0},{"damage":0.0,"enemies":"2 Louse","floor":3.0,"turns":3.0},{"damage":7.0,"enemies":"Cultist","floor":5.0,"turns":3.0},{"damage":18.0,"enemies":"Lagavulin","floor":7.0,"turns":6.0},{"damage":0.0,"enemies":"Gremlin Nob","floor":10.0,"turns":2.0},{"damage":14,"enemies":"3 Louse","floor":11,"turns":8},{"damage":17,"enemies":"Blue Slaver","floor":13,"turns":5},{"damage":0,"enemies":"Large Slime","floor":14,"turns":6},{"damage":9,"enemies":"Hexaghost","floor":16,"turns":7},{"damage":7,"enemies":"3 Byrds","floor":18,"turns":7},{"damage":17,"enemies":"Book of Stabbing","floor":24,"turns":5},{"damage":9,"enemies":"Slavers","floor":27,"turns":5},{"damage":0,"enemies":"Chosen","floor":29,"turns":4},{"damage":0,"enemies":"Book of Stabbing","floor":31,"turns":4},{"damage":28,"enemies":"Automaton","floor":33,"turns":7},{"damage":8,"enemies":"Orb Walker","floor":35,"turns":2},{"damage":0,"enemies":"3 Darklings","floor":38,"turns":3},{"damage":0,"enemies":"Jaw Worm Horde","floor":39,"turns":4},{"damage":84,"enemies":"Giant Head","floor":40,"turns":7}],"seed_played":"-3518331576765721848","potions_obtained":[{"floor":1.0,"key":"Fruit Juice"},{"floor":7.0,"key":"GamblersBrew"},{"floor":11,"key":"Explosive Potion"},{"floor":13,"key":"Fire Potion"},{"floor":16,"key":"SteroidPotion"},{"floor":39,"key":"Fruit Juice"}],"is_trial":false,"path_per_floor":["M","?","M","?","M","R","E","R","T","E","M","R","M","M","R","B",null,"M","?","?","$","?","R","E","?","T","E","R","M","?","E","R","B",null,"M","$","?","M","M","E"],"character_chosen":"WATCHER","items_purchased":["Omniscience","Thread and Needle","Turnip","Bottled Tornado"],"campfire_rested":2,"item_purchase_floors":[36,36,36,36],"current_hp_per_floor":[43,23,23,23,16,36,18,38,38,38,29,38,21,21,33,24,61,54,54,54,54,54,66,49,49,49,40,52,52,52,52,64,36,64,56,56,83,83,83,0],"gold":191,"neow_bonus":"ONE_RANDOM_RARE_CARD","is_prod":false,"is_daily":false,"chose_seed":false,"campfire_upgraded":5,"win_rate":0,"timestamp":1652129601,"path_taken":["M","?","M","?","M","R","E","R","T","E","M","R","?","M","R","BOSS","M","?","?","$","?","R","E","?","T","E","R","M","?","E","R","BOSS","M","$","?","M","?","E"],"build_version":"2022-03-07","purchased_purges":1,"victory":false,"max_hp_per_floor":[68,68,68,68,68,68,68,68,68,68,73,73,73,73,73,73,73,73,73,73,73,73,73,73,73,73,73,73,73,73,73,73,73,73,73,73,83,83,83,83],"card_choices":[{"not_picked":["JustLucky","Weave"],"picked":"CutThroughFate","floor":1.0},{"not_picked":["Swivel","CutThroughFate"],"picked":"FollowUp","floor":3.0},{"not_picked":["BattleHymn","WreathOfFlame"],"picked":"BowlingBash","floor":5.0},{"not_picked":["EmptyBody","WaveOfTheHand"],"picked":"InnerPeace","floor":7.0},{"not_picked":["TalkToTheHand","FlyingSleeves"],"picked":"MentalFortress","floor":10.0},{"not_picked":["ThirdEye","JustLucky","CrushJoints"],"picked":"SKIP","floor":11},{"not_picked":["SandsOfTime","ClearTheMind"],"picked":"EmptyFist","floor":13},{"not_picked":["Fasting2","PathToVictory"],"picked":"Crescendo","floor":14},{"not_picked":["Wish","SpiritShield"],"picked":"Vault","floor":16},{"not_picked":["SandsOfTime","Fasting2"],"picked":"ClearTheMind","floor":18},{"not_picked":["Swivel","LikeWater","Collect"],"picked":"SKIP","floor":24},{"not_picked":["Crescendo","WreathOfFlame"],"picked":"Meditate","floor":27},{"not_picked":["InnerPeace","FollowUp","Wallop"],"picked":"SKIP","floor":29},{"not_picked":["Halt","ForeignInfluence","BattleHymn"],"picked":"SKIP","floor":31},{"not_picked":["Alpha","Blasphemy"],"picked":"Scrawl","floor":33},{"not_picked":["EmptyBody","SashWhip+1","Evaluate"],"picked":"SKIP","floor":35},{"not_picked":["ThirdEye+1","CrushJoints"],"picked":"FlurryOfBlows","floor":38},{"not_picked":["Conclude","Halt"],"picked":"EmptyMind","floor":39}],"player_experience":1062357,"relics_obtained":[{"floor":7.0,"key":"StrikeDummy"},{"floor":9.0,"key":"Eternal Feather"},{"floor":10.0,"key":"Centennial Puzzle"},{"floor":24,"key":"Ancient Tea Set"},{"floor":26,"key":"Sundial"},{"floor":27,"key":"Dream Catcher"},{"floor":31,"key":"The Courier"}],"event_choices":[{"damage_healed":0.0,"max_hp_gain":0.0,"max_hp_loss":0.0,"gold_gain":0.0,"event_name":"Shining Light","player_choice":"Entered Light","floor":2.0,"gold_loss":0.0,"damage_taken":20.0,"cards_upgraded":["Vigilance","Omniscience"]},{"damage_healed":0.0,"max_hp_gain":0.0,"max_hp_loss":0.0,"gold_gain":0.0,"event_name":"Match and Keep!","player_choice":"2 cards matched","floor":4.0,"gold_loss":0.0,"damage_taken":0.0,"cards_obtained":["Wish","Vengeance"]},{"cards_removed":["Defend_P"],"damage_healed":0,"gold_gain":0,"player_choice":"Gave Gold","damage_taken":0,"max_hp_gain":0,"max_hp_loss":0,"event_name":"Beggar","floor":19,"gold_loss":75},{"damage_healed":0,"gold_gain":0,"player_choice":"Obtained Relic","damage_taken":0,"relics_obtained":["MawBank"],"max_hp_gain":0,"max_hp_loss":0,"event_name":"Addict","floor":20,"gold_loss":85},{"damage_healed":0,"gold_gain":0,"player_choice":"Ignored","damage_taken":0,"max_hp_gain":0,"max_hp_loss":0,"event_name":"The Mausoleum","floor":22,"gold_loss":0},{"damage_healed":0,"gold_gain":0,"player_choice":"Simplicity","damage_taken":0,"max_hp_gain":0,"max_hp_loss":0,"event_name":"Back to Basics","floor":25,"gold_loss":0,"cards_upgraded":["Strike_P","Strike_P","Strike_P","Strike_P","Defend_P","Defend_P","Defend_P"]},{"damage_healed":0,"gold_gain":0,"player_choice":"Ignored","damage_taken":0,"max_hp_gain":0,"max_hp_loss":0,"event_name":"Ghosts","floor":30,"gold_loss":0},{"cards_removed":["Alpha"],"damage_healed":17,"gold_gain":0,"player_choice":"Offered Rare","damage_taken":0,"max_hp_gain":10,"max_hp_loss":0,"event_name":"Bonfire Elementals","floor":37,"gold_loss":0}],"is_beta":false,"boss_relics":[{"not_picked":["SacredBark","SlaversCollar"],"picked":"HolyWater"},{"not_picked":["Runic Dome","Velvet Choker"],"picked":"Astrolabe"}],"items_purged_floors":[36],"is_endless":false,"potions_floor_spawned":[1,7,11,13,16,18,29,31,39],"killed_by":"Giant Head","ascension_level":20}