{"gold_per_floor":[112,37,52,52,67,67,95,95,95,124,144,177,188,198,198,272,272,224,149,149,49,62,62,74,74,74,87,112,112,125,155,155,226,226,240,240,18,34,86,86],"floor_reached":40,"playtime":2513,"items_purged":["Strike_R","Strike_R"],"score":992,"play_id":"cfeff996-cd10-441f-9675-165e67900aae","local_time":"20220516141641","is_ascension_mode":true,"campfire_choices":[{"data":"Bash","floor":6.0,"key":"SMITH"},{"data":"Perfected Strike","floor":8.0,"key":"SMITH"},{"data":"True Grit","floor":15.0,"key":"SMITH"},{"data":"Corruption","floor":23.0,"key":"SMITH"},{"data":"True Grit","floor":25.0,"key":"SMITH"},{"data":"Combust","floor":29.0,"key":"SMITH"},{"data":"True Grit","floor":32.0,"key":"SMITH"}],"neow_cost":"TEN_PERCENT_HP_LOSS","seed_source_timestamp":0,"circlet_count":0,"master_deck":["AscendersBane","Strike_R","Strike_R","Defend_R","Defend_R","Defend_R","Defend_R","Bash+1","Pommel Strike","Pommel Strike","Perfected Strike+1","Rage","Feel No Pain","Power Through","True Grit+1","Corruption+1","Body Slam+1","Combust+1","True Grit+1","Dropkick+1","True Grit+1","Barricade","CurseOfTheBell","Injury","Body Slam","Shrug It Off","Fire Breathing+1"],"special_seed":0,"relics":["Burning Blood","Pocketwatch","Blue Candle","Paper Frog","PreservedInsect","Centennial Puzzle","Runic Pyramid","Self Forming Clay","Ancient Tea Set","Potion Belt","Toy Ornithopter","Calling Bell","Oddly Smooth Stone","Meat on the Bone","Bird Faced Urn","Membership Card","WingedGreaves"],"potions_floor_usage":[],"damage_taken":[{"damage":6.0,"enemies":"Cultist","floor":1.0,"turns":3.0},{"damage":2.0,"enemies":"Jaw Worm","floor":3.0,"turns":5.0},{"damage":2.0,"enemies":"2 Louse","floor":5.0,"turns":2.0},{"damage":30.0,"enemies":"Lagavulin","floor":7.0,"turns":5.0},{"damage":4.0,"enemies":"3 Sentries","floor":10.0,"turns":9.0},{"damage":6.0,"enemies":"Exordium Thugs","floor":11.0,"turns":3.0},{"damage":0.0,"enemies":"Gremlin Nob","floor":12.0,"turns":2.0},{"damage":9.0,"enemies":"Gremlin Gang","floor":13.0,"turns":4.0},{"damage":9.0,"enemies":"Exordium Wildlife","floor":14.0,"turns":5.0},{"damage":7.0,"enemies":"Slime Boss","floor":16.0,"turns":10.0},{"damage":7.0,"enemies":"2 Thieves","floor":18.0,"turns":5.0},{"damage":9.0,"enemies":"Shell Parasite","floor":22.0,"turns":4.0},{"damage":8.0,"enemies":"Snake Plant","floor":24.0,"turns":5.0},{"damage":4.0,"enemies":"Sentry and Sphere","floor":27.0,"turns":5.0},{"damage":17.0,"enemies":"Book of Stabbing","floor":28.0,"turns":4.0},{"damage":8.0,"enemies":"Snecko","floor":30.0,"turns":4.0},{"damage":16.0,"enemies":"Gremlin Leader","floor":31.0,"turns":5.0},{"damage":28.0,"enemies":"Champ","floor":33.0,"turns":11.0},{"damage":2.0,"enemies":"3 Shapes","floor":35.0,"turns":12.0},{"damage":18.0,"enemies":"Orb Walker","floor":38.0,"turns":5.0},{"damage":43.0,"enemies":"2 Orb Walkers","floor":39.0,"turns":6.0},{"damage":0,"enemies":"Giant Head","floor":40,"turns":1}],"seed_played":"-6486941282701206535","potions_obtained":[{"floor":1.0,"key":"EntropicBrew"},{"floor":7.0,"key":"HeartOfIron"},{"floor":12.0,"key":"Energy Potion"},{"floor":18.0,"key":"Weak Potion"},{"floor":22.0,"key":"GamblersBrew"},{"floor":28.0,"key":"EssenceOfSteel"},{"floor":38.0,"key":"Fire Potion"}],"is_trial":false,"path_per_floor":["M","$","M","$","M","R","E","R","T","E","M","E","M","M","R","B",null,"M","?","T","$","M","R","M","R","T","M","E","R","M","E","R","B",null,"M","?","$","M","?","E"],"character_chosen":"IRONCLAD","items_purchased":["Membership Card","Body Slam","Shrug It Off"],"campfire_rested":0,"item_purchase_floors":[37,37,37],"current_hp_per_floor":[68,68,68,68,68,68,44,44,44,46,46,52,49,46,46,45,62,61,61,61,61,58,58,56,56,56,58,47,47,45,35,35,18,56,66,66,66,58,39,39],"gold":86,"neow_bonus":"ONE_RARE_RELIC","is_prod":false,"is_daily":false,"chose_seed":false,"campfire_upgraded":7,"win_rate":0,"timestamp":1652735801,"path_taken":["M","$","?","$","M","R","E","R","T","E","M","E","M","M","R","BOSS","M","?","?","$","M","R","M","R","T","M","E","R","M","E","R","BOSS","M","?","?","?","?","E"],"build_version":"2022-03-07","purchased_purges":2,"victory":false,"max_hp_per_floor":[68,68,68,68,68,68,68,68,68,68,68,68,68,68,68,68,68,68,68,68,68,68,68,68,68,68,68,68,68,68,68,68,68,68,68,68,68,68,68,68],"card_choices":[{"not_picked":["Sword Boomerang","Warcry"],"picked":"Pommel Strike","floor":1.0},{"not_picked":["Sever Soul","Twin Strike"],"picked":"Pommel Strike","floor":3.0},{"not_picked":["Sever Soul","Heavy Blade","Sword Boomerang"],"picked":"SKIP","floor":5.0},{"not_picked":["Pummel","Headbutt"],"picked":"Perfected Strike","floor":7.0},{"not_picked":["Sentinel","Heavy Blade"],"picked":"Rage","floor":10.0},{"not_picked":["Anger","Cleave"],"picked":"Feel No Pain","floor":11.0},{"not_picked":["Pommel Strike","Havoc"],"picked":"Power Through","floor":12.0},{"not_picked":["Flex","Clash"],"picked":"True Grit","floor":13.0},{"not_picked":["Havoc","Thunderclap","Twin Strike"],"picked":"SKIP","floor":14.0},{"not_picked":["Fiend Fire","Impervious"],"picked":"Corruption","floor":16.0},{"not_picked":["Intimidate","Headbutt"],"picked":"Body Slam+1","floor":18.0},{"not_picked":["Warcry","Wild Strike"],"picked":"Combust","floor":22.0},{"not_picked":["Cleave","Thunderclap"],"picked":"True Grit","floor":24.0},{"not_picked":["Ghostly Armor","Uppercut"],"picked":"Dropkick+1","floor":27.0},{"not_picked":["Spot Weakness","Havoc+1","Heavy Blade"],"picked":"SKIP","floor":28.0},{"not_picked":["Cleave+1","Clothesline"],"picked":"True Grit","floor":30.0},{"not_picked":["Iron Wave","Headbutt","Sword Boomerang"],"picked":"SKIP","floor":31.0},{"not_picked":["Feed","Berserk"],"picked":"Barricade","floor":33.0},{"not_picked":["Burning Pact","Rampage","True Grit"],"picked":"SKIP","floor":35.0},{"not_picked":["Bloodletting","Power Through+1"],"picked":"Fire Breathing+1","floor":38.0}],"player_experience":1088234,"relics_obtained":[{"floor":7.0,"key":"Blue Candle"},{"floor":9.0,"key":"Paper Frog"},{"floor":10.0,"key":"PreservedInsect"},{"floor":12.0,"key":"Centennial Puzzle"},{"floor":20.0,"key":"Self Forming Clay"},{"floor":26.0,"key":"Ancient Tea Set"},{"floor":28.0,"key":"Potion Belt"},{"floor":31.0,"key":"Toy Ornithopter"},{"floor":34.0,"key":"Oddly Smooth Stone"},{"floor":34.0,"key":"Meat on the Bone"},{"floor":34.0,"key":"Bird Faced Urn"},{"floor":39.0,"key":"WingedGreaves"}],"event_choices":[{"cards_removed":["Strike_R"],"damage_healed":0.0,"max_hp_gain":0.0,"max_hp_loss":0.0,"gold_gain":0.0,"event_name":"Beggar","player_choice":"Gave Gold","floor":19.0,"gold_loss":75.0,"damage_taken":0.0},{"damage_healed":0.0,"max_hp_gain":0.0,"max_hp_loss":0.0,"gold_gain":0.0,"event_name":"Match and Keep!","player_choice":"1 cards matched","floor":36.0,"gold_loss":0.0,"damage_taken":0.0,"cards_obtained":["Injury"]},{"damage_healed":0.0,"max_hp_gain":0.0,"max_hp_loss":0.0,"gold_gain":0.0,"event_name":"Mysterious Sphere","player_choice":"Fight","floor":39.0,"gold_loss":0.0,"damage_taken":0.0}],"is_beta":false,"boss_relics":[{"not_picked":["Tiny House","Busted Crown"],"picked":"Runic Pyramid"},{"not_picked":["Philosopher\u0027s Stone","Runic Cube"],"picked":"Calling Bell"}],"items_purged_floors":[2,21],"is_endless":false,"potions_floor_spawned":[1,7,12,18,22,28,38],"killed_by":"Giant Head","ascension_level":20}