{"gold_per_floor":[109,125,125,40,52,52,86,86,109,109,126,136,168,186,186,258,258,274,246,246,0,0],"floor_reached":22,"playtime":597,"items_purged":[],"score":392,"play_id":"c0077779-c267-42b8-a632-3bd14086884c","local_time":"20220514161618","is_ascension_mode":true,"campfire_choices":[{"data":"Loop","floor":6.0,"key":"SMITH"},{"data":"Defragment","floor":8.0,"key":"SMITH"},{"floor":15.0,"key":"REST"}],"neow_cost":"NONE","seed_source_timestamp":0,"circlet_count":0,"master_deck":["AscendersBane","Strike_B+1","Strike_B+1","Strike_B+1","Defend_B+1","Defend_B+1","Defend_B+1","Defend_B+1","Zap+1","Dualcast","Rebound","Sweeping Beam","Loop+1","Lockon","Defragment+1","Defragment","Ball Lightning","Hologram","Core Surge","Undo"],"special_seed":0,"relics":["Cracked Core","Orichalcum","War Paint","Kunai","Inserter"],"potions_floor_usage":[],"damage_taken":[{"damage":0.0,"enemies":"Jaw Worm","floor":1.0,"turns":3.0},{"damage":10.0,"enemies":"2 Louse","floor":2.0,"turns":2.0},{"damage":1.0,"enemies":"Cultist","floor":5.0,"turns":3.0},{"damage":25.0,"enemies":"Lagavulin","floor":7.0,"turns":6.0},{"damage":0.0,"enemies":"Looter","floor":11.0,"turns":2.0},{"damage":20.0,"enemies":"Large Slime","floor":12.0,"turns":5.0},{"damage":16.0,"enemies":"3 Sentries","floor":13.0,"turns":6.0},{"damage":2.0,"enemies":"Exordium Wildlife","floor":14.0,"turns":4.0},{"damage":17.0,"enemies":"Slime Boss","floor":16.0,"turns":8.0},{"damage":35.0,"enemies":"Shell Parasite","floor":18.0,"turns":5.0},{"damage":18.0,"enemies":"2 Thieves","floor":19.0,"turns":4.0},{"damage":0,"enemies":"Snake Plant","floor":22,"turns":1}],"seed_played":"5756087509490183620","potions_obtained":[{"floor":7.0,"key":"Strength Potion"},{"floor":12.0,"key":"Dexterity Potion"},{"floor":16.0,"key":"SpeedPotion"},{"floor":18.0,"key":"DuplicationPotion"}],"is_trial":false,"path_per_floor":["M","M","?","$","M","R","E","R","T","?","M","M","E","M","R","B",null,"M","M","?","?","M"],"character_chosen":"DEFECT","items_purchased":["Loop"],"campfire_rested":1,"item_purchase_floors":[4],"current_hp_per_floor":[64,54,71,71,70,70,45,45,45,45,45,25,9,7,28,11,56,21,3,3,3,3],"gold":0,"neow_bonus":"UPGRADE_CARD","is_prod":false,"is_daily":false,"chose_seed":false,"campfire_upgraded":2,"win_rate":0,"timestamp":1652570178,"path_taken":["M","M","?","$","M","R","E","R","T","?","?","M","E","M","R","BOSS","M","M","?","?","M"],"build_version":"2022-03-07","purchased_purges":0,"victory":false,"max_hp_per_floor":[71,71,71,71,71,71,71,71,71,71,71,71,71,71,71,71,71,71,71,71,71,71],"card_choices":[{"not_picked":["Stack","Redo"],"picked":"Rebound","floor":1.0},{"not_picked":["Redo","Rip and Tear"],"picked":"Sweeping Beam","floor":2.0},{"not_picked":["Redo","Go for the Eyes"],"picked":"Lockon","floor":5.0},{"not_picked":["Undo","Machine Learning"],"picked":"Defragment","floor":7.0},{"not_picked":["Undo","Barrage"],"picked":"Defragment","floor":11.0},{"not_picked":["Recycle","Consume","Hello World"],"picked":"SKIP","floor":12.0},{"not_picked":["Stack","FTL"],"picked":"Ball Lightning","floor":13.0},{"not_picked":["Recycle","Sweeping Beam"],"picked":"Hologram","floor":14.0},{"not_picked":["Reboot","Hyperbeam"],"picked":"Core Surge","floor":16.0},{"not_picked":["Compile Driver","Sweeping Beam"],"picked":"Undo","floor":18.0},{"not_picked":["Gash","Storm","Streamline"],"picked":"SKIP","floor":19.0}],"player_experience":1077350,"relics_obtained":[{"floor":7.0,"key":"Orichalcum"},{"floor":9.0,"key":"War Paint"},{"floor":13.0,"key":"Kunai"}],"event_choices":[{"damage_healed":23.0,"max_hp_gain":0.0,"max_hp_loss":0.0,"gold_gain":0.0,"event_name":"Big Fish","player_choice":"Banana","floor":3.0,"gold_loss":0.0,"damage_taken":0.0},{"cards_removed":["Strike_B"],"damage_healed":0.0,"max_hp_gain":0.0,"max_hp_loss":0.0,"gold_gain":0.0,"event_name":"Purifier","player_choice":"Purged","floor":10.0,"gold_loss":0.0,"damage_taken":0.0},{"damage_healed":0.0,"max_hp_gain":0.0,"max_hp_loss":0.0,"gold_gain":0.0,"event_name":"Back to Basics","player_choice":"Simplicity","floor":20.0,"gold_loss":0.0,"damage_taken":0.0,"cards_upgraded":["Strike_B","Strike_B","Strike_B","Defend_B","Defend_B"]},{"damage_healed":0,"gold_gain":0,"player_choice":"Paid Fearfully","damage_taken":0,"max_hp_gain":0,"max_hp_loss":0,"event_name":"Masked Bandits","floor":21,"gold_loss":246}],"is_beta":false,"boss_relics":[{"not_picked":["Coffee Dripper","Black Star"],"picked":"Inserter"}],"items_purged_floors":[],"is_endless":false,"potions_floor_spawned":[7,12,16,18,19],"killed_by":"Snake Plant","ascension_level":20}