{"gold_per_floor":[116,116,116,36,54,83,83,118,118,152,169,169,169,190,190,273,273,300,317,73,97,97,97,113,149,198,216,216,259,272,303,303,303],"floor_reached":33,"playtime":1200,"items_purged":["Strike_P"],"score":750,"play_id":"134bb01d-9f20-4423-b2d6-b18962ff9aec","local_time":"20220517052840","is_ascension_mode":true,"campfire_choices":[{"data":"CrushJoints","floor":7,"key":"SMITH"},{"floor":13,"key":"REST"},{"data":"FlurryOfBlows","floor":15,"key":"SMITH"},{"data":"FlurryOfBlows","floor":23,"key":"SMITH"},{"data":"CutThroughFate","floor":28,"key":"SMITH"},{"data":"EmptyFist","floor":32,"key":"SMITH"}],"neow_cost":"NONE","seed_source_timestamp":429253257081400,"circlet_count":0,"master_deck":["AscendersBane","Strike_P+1","Strike_P+1","Strike_P+1","Defend_P","Defend_P","Defend_P+1","Eruption+1","Vigilance+1","FollowUp","FearNoEvil","CrushJoints+1","FlurryOfBlows+1","FlurryOfBlows+1","CutThroughFate+1","LessonLearned+1","CutThroughFate","Protect+1","Wallop","EmptyFist+1"],"relics":["PureWater","NeowsBlessing","Darkstone Periapt","Ancient Tea Set","Kunai","Blue Candle","Regal Pillow","CeramicFish","VioletLotus","Lee\u0027s Waffle","Pen Nib","HornCleat","Centennial Puzzle","Nunchaku","Smiling Mask"],"potions_floor_usage":[19,25,31],"damage_taken":[{"damage":0,"enemies":"Cultist","floor":1,"turns":1},{"damage":0,"enemies":"2 Louse","floor":5,"turns":1},{"damage":0,"enemies":"3 Sentries","floor":6,"turns":2},{"damage":18,"enemies":"Lagavulin","floor":8,"turns":6},{"damage":8,"enemies":"3 Sentries","floor":10,"turns":6},{"damage":0,"enemies":"Jaw Worm","floor":11,"turns":2},{"damage":0,"enemies":"3 Louse","floor":14,"turns":2},{"damage":45,"enemies":"The Guardian","floor":16,"turns":10},{"damage":23,"enemies":"3 Byrds","floor":18,"turns":7},{"damage":11,"enemies":"2 Thieves","floor":19,"turns":3},{"damage":11,"enemies":"3 Cultists","floor":21,"turns":6},{"damage":10,"enemies":"Snake Plant","floor":24,"turns":4},{"damage":3,"enemies":"Book of Stabbing","floor":25,"turns":4},{"damage":2,"enemies":"Shelled Parasite and Fungi","floor":27,"turns":2},{"damage":0,"enemies":"Gremlin Leader","floor":29,"turns":3},{"damage":0,"enemies":"Centurion and Healer","floor":30,"turns":4},{"damage":14,"enemies":"Book of Stabbing","floor":31,"turns":4},{"damage":39,"enemies":"Automaton","floor":33,"turns":6}],"seed_played":"-7546275796243327494","potions_obtained":[{"floor":8,"key":"Ambrosia"},{"floor":10,"key":"Energy Potion"},{"floor":21,"key":"LiquidBronze"},{"floor":25,"key":"AttackPotion"},{"floor":31,"key":"Dexterity Potion"}],"is_trial":false,"path_per_floor":["M","?","?","?","M","E","R","E","T","E","M","T","R","M","R","B",null,"M","M","$","M","T","R","M","E","T","M","R","E","M","E","R","B"],"character_chosen":"WATCHER","items_purchased":["Lee\u0027s Waffle"],"campfire_rested":1,"item_purchase_floors":[20],"current_hp_per_floor":[61,41,41,41,41,41,41,23,23,15,15,15,50,50,50,5,52,29,18,75,64,64,64,54,51,51,49,49,49,49,35,35,0],"gold":303,"neow_bonus":"THREE_ENEMY_KILL","is_prod":false,"is_daily":false,"chose_seed":false,"campfire_upgraded":5,"win_rate":0,"timestamp":1652790520,"path_taken":["M","?","?","?","M","E","R","E","T","E","?","?","R","M","R","BOSS","M","M","$","M","?","R","M","E","T","M","R","E","M","E","R","BOSS"],"build_version":"2022-03-07","purchased_purges":1,"victory":false,"max_hp_per_floor":[68,68,68,68,68,68,68,68,68,68,68,68,68,68,68,68,68,68,68,75,75,75,75,75,75,75,75,75,75,75,75,75,75],"card_choices":[{"not_picked":["PathToVictory","Prostrate"],"picked":"FollowUp","floor":1},{"not_picked":["JustLucky","SignatureMove"],"picked":"CrushJoints","floor":5},{"not_picked":["JustLucky","Nirvana","Prostrate"],"picked":"SKIP","floor":6},{"not_picked":["Vault","Prostrate"],"picked":"FlurryOfBlows","floor":8},{"not_picked":["ThirdEye","ReachHeaven"],"picked":"FlurryOfBlows","floor":10},{"not_picked":["SandsOfTime","ThirdEye","FollowUp"],"picked":"SKIP","floor":11},{"not_picked":["ThirdEye","Nirvana"],"picked":"CutThroughFate","floor":14},{"not_picked":["Scrawl","Ragnarok"],"picked":"LessonLearned","floor":16},{"not_picked":["LikeWater+1","Nirvana"],"picked":"CutThroughFate","floor":18},{"not_picked":["Prostrate","BattleHymn","SandsOfTime+1"],"picked":"SKIP","floor":19},{"not_picked":["CrushJoints","CutThroughFate+1"],"picked":"Protect+1","floor":21},{"not_picked":["Consecrate","FlyingSleeves","WreathOfFlame"],"picked":"SKIP","floor":24},{"not_picked":["Judgement","LikeWater"],"picked":"Wallop","floor":25},{"not_picked":["CutThroughFate","Study","Conclude"],"picked":"SKIP","floor":27},{"not_picked":["SignatureMove+1","SashWhip"],"picked":"EmptyFist","floor":29},{"not_picked":["WaveOfTheHand","WindmillStrike","FearNoEvil"],"picked":"SKIP","floor":30},{"not_picked":["SashWhip","CrushJoints","CutThroughFate"],"picked":"SKIP","floor":31}],"player_experience":1094553,"relics_obtained":[{"floor":6,"key":"Ancient Tea Set"},{"floor":8,"key":"Kunai"},{"floor":9,"key":"Blue Candle"},{"floor":10,"key":"Regal Pillow"},{"floor":12,"key":"CeramicFish"},{"floor":22,"key":"Pen Nib"},{"floor":25,"key":"HornCleat"},{"floor":26,"key":"Centennial Puzzle"},{"floor":29,"key":"Nunchaku"},{"floor":31,"key":"Smiling Mask"}],"event_choices":[{"damage_healed":0,"gold_gain":0,"player_choice":"Entered Light","damage_taken":20,"max_hp_gain":0,"max_hp_loss":0,"event_name":"Shining Light","floor":2,"gold_loss":0,"cards_upgraded":["Eruption","Vigilance"]},{"damage_healed":0,"gold_gain":0,"cards_transformed":["Defend_P"],"player_choice":"Change","damage_taken":0,"max_hp_gain":0,"max_hp_loss":0,"event_name":"Living Wall","floor":3,"gold_loss":0,"cards_obtained":["FearNoEvil"]},{"damage_healed":0,"gold_gain":0,"player_choice":"Paid Gold","damage_taken":0,"relics_obtained":["Darkstone Periapt"],"max_hp_gain":0,"max_hp_loss":0,"event_name":"WeMeetAgain","floor":4,"gold_loss":80}],"is_beta":false,"boss_relics":[{"not_picked":["Astrolabe","Sozu"],"picked":"VioletLotus"}],"items_purged_floors":[20],"is_endless":false,"potions_floor_spawned":[8,10,11,16,21,25,27,31],"killed_by":"Automaton","ascension_level":20}