{"gold_per_floor":[113,123,135,135,135,162,162,162,240,250,266,300,320,334,334,412,412,424,434,194,194,214,245,110,145,145,165,165,165,40,53,53,137,146,167,167,167,190,225,268,278,287,345,372,372,398,429,651,651,651,651],"floor_reached":51,"playtime":3111,"items_purged":["Strike_G","Strike_G","Strike_G"],"score":1613,"play_id":"74046440-2c08-410c-b4a1-08e19cef990d","local_time":"20220517083944","is_ascension_mode":true,"campfire_choices":[{"floor":7,"key":"REST"},{"data":"Bouncing Flask","floor":15,"key":"SMITH"},{"data":"Footwork","floor":28,"key":"SMITH"},{"data":"Catalyst","floor":32,"key":"SMITH"},{"data":"Noxious Fumes","floor":45,"key":"SMITH"},{"data":"Footwork","floor":49,"key":"SMITH"}],"neow_cost":"NONE","seed_source_timestamp":438807936888400,"circlet_count":0,"master_deck":["AscendersBane","Strike_G","Defend_G","Defend_G","Defend_G","Defend_G","Survivor","Neutralize","Bouncing Flask+1","Corpse Explosion","Escape Plan","Backstab","Well Laid Plans","Terror","Adrenaline","Catalyst+1","Footwork+1","Crippling Poison","PiercingWail+1","Adrenaline","CurseOfTheBell","Noxious Fumes+1","Footwork+1","Parasite","Dodge and Roll","Escape Plan+1","Finesse","Shame","Footwork+1"],"relics":["Ring of the Snake","NeowsBlessing","Boot","Meat on the Bone","Dead Branch","Cursed Key","Oddly Smooth Stone","CeramicFish","Red Mask","Calling Bell","Strawberry","Paper Crane","Thread and Needle","Eternal Feather","Pen Nib","Omamori"],"potions_floor_usage":[12,13,18,23,25,39,44,47],"damage_taken":[{"damage":0,"enemies":"Cultist","floor":1,"turns":1},{"damage":0,"enemies":"Small Slimes","floor":2,"turns":1},{"damage":0,"enemies":"2 Louse","floor":3,"turns":1},{"damage":27,"enemies":"3 Sentries","floor":6,"turns":5},{"damage":7,"enemies":"2 Fungi Beasts","floor":10,"turns":4},{"damage":0,"enemies":"Gremlin Gang","floor":11,"turns":1},{"damage":26,"enemies":"Gremlin Nob","floor":12,"turns":4},{"damage":1,"enemies":"Red Slaver","floor":13,"turns":3},{"damage":4,"enemies":"Large Slime","floor":14,"turns":5},{"damage":13,"enemies":"Hexaghost","floor":16,"turns":9},{"damage":11,"enemies":"Spheric Guardian","floor":18,"turns":4},{"damage":0,"enemies":"Chosen","floor":19,"turns":3},{"damage":6,"enemies":"Sentry and Sphere","floor":22,"turns":4},{"damage":0,"enemies":"Gremlin Leader","floor":23,"turns":4},{"damage":0,"enemies":"Masked Bandits","floor":25,"turns":2},{"damage":6,"enemies":"Snake Plant","floor":27,"turns":3},{"damage":2,"enemies":"Chosen and Byrds","floor":31,"turns":5},{"damage":10,"enemies":"Collector","floor":33,"turns":7},{"damage":0,"enemies":"3 Darklings","floor":35,"turns":3},{"damage":0,"enemies":"3 Shapes","floor":38,"turns":4},{"damage":3,"enemies":"Writhing Mass","floor":39,"turns":4},{"damage":7,"enemies":"Nemesis","floor":40,"turns":7},{"damage":0,"enemies":"Spire Growth","floor":41,"turns":5},{"damage":21,"enemies":"Reptomancer","floor":44,"turns":8},{"damage":0,"enemies":"3 Darklings","floor":46,"turns":3},{"damage":0,"enemies":"Nemesis","floor":47,"turns":7},{"damage":13,"enemies":"Time Eater","floor":50,"turns":6},{"damage":61,"enemies":"Awakened One","floor":51,"turns":11}],"seed_played":"-9164462648480025220","potions_obtained":[{"floor":2,"key":"Strength Potion"},{"floor":6,"key":"Weak Potion"},{"floor":12,"key":"DuplicationPotion"},{"floor":16,"key":"Explosive Potion"},{"floor":18,"key":"GamblersBrew"},{"floor":22,"key":"CunningPotion"},{"floor":25,"key":"ColorlessPotion"},{"floor":27,"key":"FairyPotion"},{"floor":39,"key":"GamblersBrew"},{"floor":44,"key":"CultistPotion"},{"floor":46,"key":"Regen Potion"},{"floor":47,"key":"Fire Potion"}],"is_trial":false,"path_per_floor":["M","M","M","?","?","E","R","?","T","M","M","E","M","M","R","B",null,"M","M","$","?","M","E","$","?","T","M","R","?","$","M","R","B",null,"M","?","?","M","M","E","M","?","T","E","R","M","E","?","R","B","B"],"character_chosen":"THE_SILENT","items_purchased":["Oddly Smooth Stone","Footwork"],"campfire_rested":1,"item_purchase_floors":[20,24],"current_hp_per_floor":[59,59,59,52,52,25,44,40,40,45,45,31,42,38,38,37,59,48,48,48,30,36,36,36,36,36,42,42,42,42,40,40,42,71,71,71,71,71,68,61,61,61,61,40,55,55,70,70,74,61,0],"gold":651,"neow_bonus":"THREE_ENEMY_KILL","is_prod":false,"is_daily":false,"chose_seed":false,"campfire_upgraded":5,"win_rate":0,"timestamp":1652801984,"path_taken":["M","?","M","?","?","E","R","?","T","?","M","E","M","M","R","BOSS","M","M","$","?","M","E","$","?","T","M","R","?","?","?","R","BOSS","M","?","?","M","M","E","M","?","T","E","R","M","E","?","R","BOSS","BOSS"],"build_version":"2022-03-07","purchased_purges":3,"victory":false,"max_hp_per_floor":[66,66,66,66,66,66,66,66,66,66,66,66,66,66,66,66,66,66,66,66,71,71,71,71,71,71,71,71,71,71,71,71,71,78,78,74,74,74,74,74,74,74,74,74,74,74,74,74,74,74,74],"card_choices":[{"not_picked":["Sucker Punch","Slice"],"picked":"Bouncing Flask","floor":1},{"not_picked":["Riddle With Holes","Prepared"],"picked":"Corpse Explosion","floor":2},{"not_picked":["Flying Knee","Poisoned Stab"],"picked":"Escape Plan","floor":3},{"not_picked":["Bouncing Flask","Glass Knife","Acrobatics"],"picked":"SKIP","floor":6},{"not_picked":["Cloak And Dagger","Skewer"],"picked":"Backstab","floor":10},{"not_picked":["Caltrops","Reflex"],"picked":"Well Laid Plans","floor":11},{"not_picked":["All Out Attack","Expertise","Terror"],"picked":"SKIP","floor":12},{"not_picked":["Well Laid Plans","Bouncing Flask","Blade Dance"],"picked":"SKIP","floor":13},{"not_picked":["Slice","Dagger Spray"],"picked":"Terror","floor":14},{"not_picked":["Phantasmal Killer","Die Die Die"],"picked":"Adrenaline","floor":16},{"not_picked":["Escape Plan","Cloak And Dagger"],"picked":"Catalyst","floor":18},{"not_picked":["Bane","Deflect","Deadly Poison"],"picked":"SKIP","floor":19},{"not_picked":["Bane","Deadly Poison","Slice+1"],"picked":"SKIP","floor":22},{"not_picked":["Heel Hook","Blade Dance","Eviscerate"],"picked":"SKIP","floor":23},{"not_picked":["Quick Slash","Infinite Blades+1"],"picked":"Crippling Poison","floor":25},{"not_picked":["Underhanded Strike","Die Die Die"],"picked":"PiercingWail+1","floor":27},{"not_picked":["Cloak And Dagger","Crippling Poison","Poisoned Stab+1"],"picked":"SKIP","floor":31},{"not_picked":["Doppelganger","Night Terror"],"picked":"Adrenaline","floor":33},{"not_picked":["Prepared","Dagger Throw"],"picked":"Noxious Fumes","floor":35},{"not_picked":["Outmaneuver","Dagger Spray"],"picked":"Footwork+1","floor":38},{"not_picked":["Dash","Finisher+1"],"picked":"Dodge and Roll","floor":39},{"not_picked":["Accuracy+1","Bane"],"picked":"Escape Plan+1","floor":40},{"not_picked":["Flying Knee+1","Choke","Cloak And Dagger"],"picked":"SKIP","floor":41},{"not_picked":["HandOfGreed","Purity"],"picked":"Finesse","floor":42},{"not_picked":["Underhanded Strike+1","Blade Dance","Dagger Spray+1"],"picked":"SKIP","floor":44},{"not_picked":["Deadly Poison+1","Poisoned Stab"],"picked":"Footwork","floor":46},{"not_picked":["Accuracy+1","Bullet Time","Dagger Spray"],"picked":"SKIP","floor":47}],"player_experience":1096216,"relics_obtained":[{"floor":6,"key":"Boot"},{"floor":9,"key":"Meat on the Bone"},{"floor":12,"key":"Dead Branch"},{"floor":23,"key":"CeramicFish"},{"floor":25,"key":"Red Mask"},{"floor":34,"key":"Strawberry"},{"floor":34,"key":"Paper Crane"},{"floor":34,"key":"Thread and Needle"},{"floor":40,"key":"Eternal Feather"},{"floor":44,"key":"Pen Nib"},{"floor":47,"key":"Omamori"}],"event_choices":[{"cards_removed":["Strike_G"],"damage_healed":0,"gold_gain":0,"player_choice":"Card Removal","damage_taken":7,"max_hp_gain":0,"max_hp_loss":0,"event_name":"Golden Wing","floor":4,"gold_loss":0},{"damage_healed":0,"gold_gain":0,"player_choice":"Ignored","damage_taken":0,"max_hp_gain":0,"max_hp_loss":0,"event_name":"Liars Game","floor":5,"gold_loss":0},{"damage_healed":0,"gold_gain":0,"player_choice":"Bought 0 Potions","damage_taken":0,"max_hp_gain":0,"max_hp_loss":0,"event_name":"The Woman in Blue","floor":8,"gold_loss":0},{"damage_healed":0,"gold_gain":0,"player_choice":"Shed Blood","damage_taken":23,"max_hp_gain":5,"max_hp_loss":0,"event_name":"Forgotten Altar","floor":21,"gold_loss":0},{"damage_healed":0,"gold_gain":0,"player_choice":"Fought Bandits","damage_taken":0,"max_hp_gain":0,"max_hp_loss":0,"event_name":"Masked Bandits","floor":25,"gold_loss":0},{"damage_healed":0,"gold_gain":0,"player_choice":"Ignored","damage_taken":0,"max_hp_gain":0,"max_hp_loss":0,"event_name":"The Mausoleum","floor":29,"gold_loss":0},{"damage_healed":0,"gold_gain":0,"player_choice":"Max HP","damage_taken":0,"max_hp_gain":0,"max_hp_loss":4,"event_name":"Winding Halls","floor":36,"gold_loss":0},{"cards_removed":["Defend_G"],"damage_healed":0,"gold_gain":0,"player_choice":"Removed Skill","damage_taken":0,"max_hp_gain":0,"max_hp_loss":0,"event_name":"Falling","floor":37,"gold_loss":0},{"damage_healed":0,"gold_gain":0,"player_choice":"Memory 1","damage_taken":0,"max_hp_gain":0,"max_hp_loss":0,"event_name":"SensoryStone","floor":42,"gold_loss":0},{"damage_healed":0,"gold_gain":222,"player_choice":"Wore Mask","damage_taken":0,"max_hp_gain":0,"max_hp_loss":0,"event_name":"Tomb of Lord Red Mask","floor":48,"gold_loss":0}],"is_beta":false,"boss_relics":[{"not_picked":["WristBlade","Velvet Choker"],"picked":"Cursed Key"},{"not_picked":["Snecko Eye","Ring of the Serpent"],"picked":"Calling Bell"}],"items_purged_floors":[20,24,30],"is_endless":false,"potions_floor_spawned":[2,6,11,12,16,18,22,25,27,39,44,46,47],"killed_by":"Awakened One","ascension_level":20}