{"gold_per_floor":[109,109,34,51,61,94,94,123,150,179,190,224,234,250,250,250],"floor_reached":16,"playtime":526,"items_purged":["Defend_R"],"score":314,"play_id":"3dda4f6b-4c0c-4ad0-975b-6b97622bcce5","local_time":"20220516152609","is_ascension_mode":true,"campfire_choices":[{"data":"Armaments","floor":15,"key":"SMITH"}],"neow_cost":"TEN_PERCENT_HP_LOSS","seed_source_timestamp":379377376248400,"circlet_count":0,"master_deck":["AscendersBane","Strike_R","Strike_R","Strike_R","Strike_R","Defend_R+1","Defend_R","Defend_R","Bash","Immolate","Clash+1","Iron Wave","Rampage+1","Armaments+1","Offering","Pommel Strike+1","Corruption","Seeing Red","Feel No Pain","Armaments"],"relics":["Burning Blood","Bag of Preparation","PreservedInsect","Whetstone","Regal Pillow","Orichalcum"],"potions_floor_usage":[10,13,16,16],"damage_taken":[{"damage":7,"enemies":"Jaw Worm","floor":1,"turns":3},{"damage":3,"enemies":"2 Louse","floor":4,"turns":2},{"damage":7,"enemies":"Small Slimes","floor":5,"turns":2},{"damage":15,"enemies":"3 Sentries","floor":6,"turns":3},{"damage":14,"enemies":"Gremlin Nob","floor":8,"turns":3},{"damage":0,"enemies":"3 Sentries","floor":10,"turns":2},{"damage":13,"enemies":"Exordium Wildlife","floor":11,"turns":3},{"damage":15,"enemies":"Lagavulin","floor":12,"turns":4},{"damage":6,"enemies":"Exordium Thugs","floor":13,"turns":2},{"damage":6,"enemies":"2 Fungi Beasts","floor":14,"turns":2},{"damage":35,"enemies":"Hexaghost","floor":16,"turns":9}],"seed_played":"-5931318180887151246","potions_obtained":[{"floor":4,"key":"BloodPotion"},{"floor":6,"key":"Energy Potion"},{"floor":12,"key":"LiquidBronze"},{"floor":13,"key":"LiquidBronze"}],"is_trial":false,"path_per_floor":["M","?","$","M","M","E","?","E","T","E","M","E","M","M","R","B"],"character_chosen":"IRONCLAD","items_purchased":[],"campfire_rested":0,"item_purchase_floors":[],"current_hp_per_floor":[67,47,47,50,49,40,40,32,32,38,31,22,35,35,35,0],"gold":250,"neow_bonus":"THREE_RARE_CARDS","is_prod":false,"is_daily":false,"chose_seed":false,"campfire_upgraded":1,"win_rate":0,"timestamp":1652739969,"path_taken":["M","?","$","M","M","E","?","E","T","E","?","E","M","M","R","BOSS"],"build_version":"2022-03-07","purchased_purges":1,"victory":false,"max_hp_per_floor":[68,68,68,68,68,68,68,68,68,68,68,68,68,68,68,68],"card_choices":[{"not_picked":["Corruption","Brutality"],"picked":"Immolate","floor":0},{"not_picked":["Body Slam","Dual Wield"],"picked":"Clash","floor":1},{"not_picked":["True Grit","Perfected Strike"],"picked":"Iron Wave","floor":4},{"not_picked":["Heavy Blade","Thunderclap"],"picked":"Rampage","floor":5},{"not_picked":["Brutality","Searing Blow"],"picked":"Armaments","floor":6},{"not_picked":["Sentinel","Iron Wave"],"picked":"Pommel Strike","floor":8},{"not_picked":["Sword Boomerang","Burning Pact"],"picked":"Corruption","floor":10},{"not_picked":["Clothesline","Headbutt"],"picked":"Seeing Red","floor":11},{"not_picked":["Iron Wave","Sword Boomerang","Twin Strike"],"picked":"SKIP","floor":12},{"not_picked":["Flex","True Grit"],"picked":"Feel No Pain","floor":13},{"not_picked":["Body Slam","Dropkick"],"picked":"Armaments","floor":14}],"player_experience":1093105,"relics_obtained":[{"floor":6,"key":"Bag of Preparation"},{"floor":8,"key":"PreservedInsect"},{"floor":9,"key":"Whetstone"},{"floor":10,"key":"Regal Pillow"},{"floor":12,"key":"Orichalcum"}],"event_choices":[{"damage_healed":0,"gold_gain":0,"player_choice":"Entered Light","damage_taken":20,"max_hp_gain":0,"max_hp_loss":0,"event_name":"Shining Light","floor":2,"gold_loss":0,"cards_upgraded":["Clash","Defend_R"]},{"damage_healed":0,"gold_gain":0,"cards_transformed":["Strike_R"],"player_choice":"Change","damage_taken":0,"max_hp_gain":0,"max_hp_loss":0,"event_name":"Living Wall","floor":7,"gold_loss":0,"cards_obtained":["Offering"]}],"is_beta":false,"boss_relics":[],"items_purged_floors":[3],"is_endless":false,"potions_floor_spawned":[4,6,12,13],"killed_by":"Hexaghost","ascension_level":20}