{"gold_per_floor":[117,117,117,42,61,92,92,16,92,117,134,29,61,73,73,147,147,157,157,168,218,231,231,266,279,279,279,279],"floor_reached":28,"playtime":1019,"items_purged":["Pain","Strike_G"],"score":562,"play_id":"0c9f9c34-0c10-4b37-a5b8-f062a4afaf4d","local_time":"20220516143524","is_ascension_mode":true,"campfire_choices":[{"data":"Neutralize","floor":7,"key":"SMITH"},{"floor":15,"key":"REST"},{"data":"Bouncing Flask","floor":23,"key":"SMITH"}],"neow_cost":"NONE","seed_source_timestamp":375838830167900,"circlet_count":0,"master_deck":["AscendersBane","Strike_G","Strike_G","Defend_G","Defend_G","Defend_G","Defend_G","Defend_G","Survivor","Neutralize+1","Leg Sweep+1","Flying Knee","Heel Hook+1","Bouncing Flask+1","Deadly Poison","Dagger Spray+1","Crippling Poison","Endless Agony+1","Unload+1","Tools of the Trade","Prepared+1"],"relics":["Ring of the Snake","NeowsBlessing","Art of War","WarpedTongs","Molten Egg 2","Eternal Feather","Smiling Mask","Bag of Marbles","Runic Pyramid","Peace Pipe"],"potions_floor_usage":[10,16,24,24],"damage_taken":[{"damage":0,"enemies":"Jaw Worm","floor":1,"turns":1},{"damage":0,"enemies":"Cultist","floor":5,"turns":1},{"damage":0,"enemies":"Lagavulin","floor":6,"turns":1},{"damage":19,"enemies":"3 Sentries","floor":10,"turns":8},{"damage":5,"enemies":"Small Slimes","floor":11,"turns":3},{"damage":5,"enemies":"Lagavulin","floor":13,"turns":5},{"damage":0,"enemies":"Looter","floor":14,"turns":3},{"damage":27,"enemies":"Slime Boss","floor":16,"turns":9},{"damage":13,"enemies":"2 Thieves","floor":18,"turns":4},{"damage":1,"enemies":"Chosen","floor":20,"turns":4},{"damage":10,"enemies":"Snake Plant","floor":22,"turns":5},{"damage":12,"enemies":"Book of Stabbing","floor":24,"turns":6},{"damage":0,"enemies":"Centurion and Healer","floor":25,"turns":7},{"damage":10,"enemies":"Gremlin Leader","floor":28,"turns":3}],"seed_played":"8799259588973709751","potions_obtained":[{"floor":1,"key":"ColorlessPotion"},{"floor":11,"key":"GhostInAJar"},{"floor":16,"key":"CultistPotion"},{"floor":22,"key":"PowerPotion"},{"floor":25,"key":"SpeedPotion"}],"is_trial":false,"path_per_floor":["M","?","?","$","M","E","R","$","T","E","M","$","E","M","R","B",null,"M","?","M","?","M","R","E","M","T","?","E"],"character_chosen":"THE_SILENT","items_purchased":["Bouncing Flask","SkillPotion"],"campfire_rested":1,"item_purchase_floors":[8,12],"current_hp_per_floor":[59,41,41,41,41,41,41,41,41,22,17,17,12,12,40,13,53,40,40,39,39,29,41,29,29,29,29,19],"gold":279,"neow_bonus":"THREE_ENEMY_KILL","is_prod":false,"is_daily":false,"chose_seed":false,"campfire_upgraded":2,"win_rate":0,"timestamp":1652736924,"path_taken":["M","?","?","$","?","E","R","?","T","E","M","$","E","M","R","BOSS","M","?","M","?","M","R","E","?","T","?","E"],"build_version":"2022-03-07","purchased_purges":2,"victory":false,"max_hp_per_floor":[66,66,66,66,66,66,66,66,66,66,66,66,66,66,66,66,66,66,66,66,66,66,66,66,66,66,66,66],"card_choices":[{"not_picked":["Reflex","Well Laid Plans"],"picked":"Leg Sweep","floor":1},{"not_picked":["Deflect","Dodge and Roll"],"picked":"Flying Knee","floor":5},{"not_picked":["Backflip","Infinite Blades"],"picked":"Heel Hook+1","floor":6},{"not_picked":["Acrobatics","Skewer+1"],"picked":"Deadly Poison","floor":10},{"not_picked":["Outmaneuver","Sucker Punch+1"],"picked":"Dagger Spray+1","floor":11},{"not_picked":["Bane+1","Slice+1","Dodge and Roll"],"picked":"SKIP","floor":13},{"not_picked":["Phantasmal Killer","Dagger Spray+1"],"picked":"Crippling Poison","floor":14},{"not_picked":["Blur","PiercingWail"],"picked":"Endless Agony+1","floor":18},{"not_picked":["Dagger Spray+1","Underhanded Strike+1"],"picked":"Prepared+1","floor":20},{"not_picked":["Crippling Poison","Cloak And Dagger","Dagger Throw+1"],"picked":"SKIP","floor":22},{"not_picked":["Setup","Dagger Spray+1","Sucker Punch+1"],"picked":"SKIP","floor":24},{"not_picked":["Blade Dance","Skewer+1","Dodge and Roll"],"picked":"SKIP","floor":25}],"player_experience":1090826,"relics_obtained":[{"floor":6,"key":"Molten Egg 2"},{"floor":9,"key":"Eternal Feather"},{"floor":10,"key":"Smiling Mask"},{"floor":13,"key":"Bag of Marbles"},{"floor":24,"key":"Peace Pipe"}],"event_choices":[{"damage_healed":0,"gold_gain":0,"player_choice":"Success","damage_taken":18,"relics_obtained":["Art of War"],"max_hp_gain":0,"max_hp_loss":0,"event_name":"Scrap Ooze","floor":2,"gold_loss":0},{"damage_healed":0,"gold_gain":0,"player_choice":"Rummage","damage_taken":0,"relics_obtained":["WarpedTongs"],"max_hp_gain":0,"max_hp_loss":0,"event_name":"Accursed Blacksmith","floor":3,"gold_loss":0,"cards_obtained":["Pain"]},{"damage_healed":0,"gold_gain":0,"cards_transformed":["Strike_G","Strike_G"],"player_choice":"Became Test Subject","damage_taken":0,"max_hp_gain":0,"max_hp_loss":0,"event_name":"Drug Dealer","floor":19,"gold_loss":0,"cards_obtained":["Unload","Tools of the Trade"]},{"damage_healed":0,"gold_gain":50,"player_choice":"Stole From Cult","damage_taken":0,"max_hp_gain":0,"max_hp_loss":0,"event_name":"Nest","floor":21,"gold_loss":0},{"damage_healed":0,"gold_gain":0,"player_choice":"Upgraded","damage_taken":0,"max_hp_gain":0,"max_hp_loss":0,"event_name":"Upgrade Shrine","floor":27,"gold_loss":0,"cards_upgraded":["Leg Sweep"]}],"is_beta":false,"boss_relics":[{"not_picked":["Black Star","Ectoplasm"],"picked":"Runic Pyramid"}],"items_purged_floors":[4,12],"is_endless":false,"potions_floor_spawned":[1,11,13,16,22,25],"killed_by":"Gremlin Leader","ascension_level":20}