{"gold_per_floor":[111,130,130,147,164,176,201,201,201,58,87,100,100,25,25,125,125,144,161,161,11,21,21,54,54,54,85,85,100,126,206,206,302,302,316,8,19,19,30,62,62,62,62,74,100,117,0,0,0,0],"floor_reached":51,"playtime":1980,"items_purged":["Strike_G","Strike_G"],"score":888,"play_id":"a44d0384-524b-4bcc-8664-ea2b39b77b84","local_time":"20220513060608","is_ascension_mode":true,"campfire_choices":[{"data":"Deadly Poison","floor":8,"key":"SMITH"},{"data":"Neutralize","floor":15,"key":"SMITH"},{"data":"Prepared","floor":23,"key":"SMITH"},{"data":"Malaise","floor":25,"key":"SMITH"},{"floor":28,"key":"REST"},{"floor":32,"key":"REST"},{"data":"Strike_G","floor":42,"key":"PURGE"},{"floor":49,"key":"REST"}],"neow_cost":"NONE","seed_source_timestamp":85028309710800,"circlet_count":0,"master_deck":["Strike_G","Defend_G","Defend_G","Defend_G","Defend_G","Survivor","Neutralize+1","Poisoned Stab","Deadly Poison+1","Dodge and Roll","Backflip","Eviscerate+1","Heel Hook+1","Endless Agony+1","Quick Slash+1","Underhanded Strike+1","Malaise+1","Escape Plan+1","Prepared+1","Accuracy","Eviscerate+1","After Image","Reflex","Unload+1","Noxious Fumes+1","PiercingWail+1","Prepared+1","Dagger Throw+1","Acrobatics+1","Corpse Explosion","Blade Dance"],"relics":["Ring of the Snake","NeowsBlessing","GremlinMask","Molten Egg 2","Ornamental Fan","Mango","HoveringKite","Bag of Preparation","Potion Belt","InkBottle","Regal Pillow","Peace Pipe","Letter Opener","WristBlade","Lee\u0027s Waffle","PreservedInsect","Bottled Flame","Mummified Hand","Red Mask","Paper Crane"],"potions_floor_usage":[7,16,16,24,33,40,50,50,50],"damage_taken":[{"damage":0,"enemies":"2 Louse","floor":1,"turns":1},{"damage":0,"enemies":"Cultist","floor":2,"turns":1},{"damage":0,"enemies":"Jaw Worm","floor":4,"turns":1},{"damage":3,"enemies":"2 Fungi Beasts","floor":5,"turns":4},{"damage":4,"enemies":"Exordium Thugs","floor":6,"turns":4},{"damage":19,"enemies":"Lagavulin","floor":7,"turns":6},{"damage":23,"enemies":"3 Sentries","floor":11,"turns":10},{"damage":6,"enemies":"Exordium Wildlife","floor":12,"turns":3},{"damage":15,"enemies":"Slime Boss","floor":16,"turns":10},{"damage":11,"enemies":"3 Byrds","floor":18,"turns":5},{"damage":4,"enemies":"Shell Parasite","floor":19,"turns":4},{"damage":1,"enemies":"Cultist and Chosen","floor":22,"turns":6},{"damage":12,"enemies":"Gremlin Leader","floor":24,"turns":5},{"damage":25,"enemies":"Book of Stabbing","floor":27,"turns":9},{"damage":0,"enemies":"Snecko","floor":29,"turns":6},{"damage":48,"enemies":"Slavers","floor":30,"turns":7},{"damage":44,"enemies":"Automaton","floor":33,"turns":13},{"damage":26,"enemies":"3 Darklings","floor":35,"turns":7},{"damage":1,"enemies":"3 Shapes","floor":37,"turns":5},{"damage":17,"enemies":"Maw","floor":39,"turns":7},{"damage":14,"enemies":"Giant Head","floor":40,"turns":7},{"damage":10,"enemies":"Spire Growth","floor":44,"turns":4},{"damage":14,"enemies":"Nemesis","floor":45,"turns":5},{"damage":0,"enemies":"Writhing Mass","floor":46,"turns":3},{"damage":12,"enemies":"Donu and Deca","floor":50,"turns":4}],"seed_played":"5544016826110851462","potions_obtained":[{"floor":5,"key":"Poison Potion"},{"floor":11,"key":"Fruit Juice"},{"floor":12,"key":"Strength Potion"},{"floor":16,"key":"Fire Potion"},{"floor":22,"key":"Ancient Potion"},{"floor":27,"key":"SteroidPotion"},{"floor":29,"key":"FairyPotion"},{"floor":30,"key":"Poison Potion"},{"floor":39,"key":"Fruit Juice"},{"floor":40,"key":"EssenceOfSteel"},{"floor":45,"key":"Fire Potion"},{"floor":46,"key":"EssenceOfSteel"}],"is_trial":false,"path_per_floor":["M","M","?","M","M","M","E","R","T","$","E","M","?","$","R","B",null,"M","M","?","$","M","R","E","R","T","E","R","M","E","T","R","B",null,"M","$","M","?","M","E","$","R","T","M","E","M","?","T","R","B",null],"character_chosen":"THE_SILENT","items_purchased":["Heel Hook+1","Endless Agony+1","Bag of Preparation","Lee\u0027s Waffle","BlessingOfTheForge"],"campfire_rested":3,"item_purchase_floors":[10,10,21,36,36],"current_hp_per_floor":[70,70,70,70,67,63,44,44,44,44,21,15,29,29,29,19,89,78,74,74,74,73,73,61,61,61,36,77,77,29,29,70,26,89,63,96,95,95,78,69,69,69,69,59,45,45,45,45,90,78],"gold":0,"neow_bonus":"THREE_ENEMY_KILL","is_prod":false,"is_daily":false,"chose_seed":false,"campfire_upgraded":4,"win_rate":0,"timestamp":1652447168,"path_taken":["M","M","?","?","M","M","E","R","T","$","E","M","?","?","R","BOSS","M","M","?","?","M","R","E","R","T","E","R","M","E","?","R","BOSS","M","$","M","?","M","E","?","R","T","M","E","M","?","?","R","BOSS"],"build_version":"2022-03-07","purchased_purges":2,"victory":true,"max_hp_per_floor":[70,70,70,70,70,70,70,70,70,70,70,70,84,84,84,89,89,89,89,89,89,89,89,89,89,89,89,89,89,89,89,89,89,89,89,96,96,96,96,101,101,101,101,101,101,101,101,101,101,101],"card_choices":[{"not_picked":["Flying Knee","Quick Slash"],"picked":"Poisoned Stab","floor":1},{"not_picked":["Reflex","Cloak And Dagger"],"picked":"Deadly Poison","floor":2},{"not_picked":["Slice","Setup"],"picked":"Dodge and Roll","floor":4},{"not_picked":["Dodge and Roll","Sucker Punch","Quick Slash"],"picked":"SKIP","floor":5},{"not_picked":["PiercingWail","Dodge and Roll"],"picked":"Backflip","floor":6},{"not_picked":["Setup","Distraction"],"picked":"Eviscerate+1","floor":7},{"not_picked":["Cloak And Dagger","Doppelganger"],"picked":"Quick Slash+1","floor":11},{"not_picked":["Deadly Poison","Distraction"],"picked":"Underhanded Strike+1","floor":12},{"not_picked":["Tools of the Trade","Venomology"],"picked":"Malaise","floor":16},{"not_picked":["All Out Attack+1","Slice+1"],"picked":"Escape Plan+1","floor":18},{"not_picked":["Outmaneuver","Deadly Poison"],"picked":"Prepared","floor":19},{"not_picked":["Quick Slash+1","Flying Knee+1","Dodge and Roll"],"picked":"SKIP","floor":22},{"not_picked":["Masterful Stab+1","Dagger Throw+1"],"picked":"Eviscerate+1","floor":24},{"not_picked":["Prepared","Expertise+1"],"picked":"After Image","floor":27},{"not_picked":["Predator+1","Caltrops+1","Riddle With Holes+1"],"picked":"SKIP","floor":29},{"not_picked":["Skewer+1","Wraith Form v2"],"picked":"Reflex","floor":30},{"not_picked":["Venomology","Doppelganger"],"picked":"Unload+1","floor":33},{"not_picked":["Underhanded Strike+1","Flying Knee+1"],"picked":"Noxious Fumes+1","floor":35},{"not_picked":["Bane+1","Dodge and Roll+1"],"picked":"PiercingWail+1","floor":37},{"not_picked":["Backflip+1","Cloak And Dagger"],"picked":"Prepared+1","floor":39},{"not_picked":["Concentrate","Underhanded Strike+1"],"picked":"Dagger Throw+1","floor":40},{"not_picked":["Setup+1","Distraction"],"picked":"Acrobatics+1","floor":44},{"not_picked":["All Out Attack+1","Tools of the Trade"],"picked":"Corpse Explosion","floor":45},{"not_picked":["Distraction+1","Outmaneuver+1"],"picked":"Blade Dance","floor":46}],"player_experience":1071496,"relics_obtained":[{"floor":7,"key":"Molten Egg 2"},{"floor":11,"key":"Ornamental Fan"},{"floor":24,"key":"Potion Belt"},{"floor":26,"key":"InkBottle"},{"floor":27,"key":"Regal Pillow"},{"floor":30,"key":"Peace Pipe"},{"floor":31,"key":"Letter Opener"},{"floor":40,"key":"PreservedInsect"},{"floor":43,"key":"Bottled Flame"},{"floor":45,"key":"Mummified Hand"},{"floor":48,"key":"Paper Crane"}],"event_choices":[{"damage_healed":0,"gold_gain":0,"player_choice":"Trade","damage_taken":0,"relics_obtained":["GremlinMask"],"max_hp_gain":0,"max_hp_loss":0,"event_name":"FaceTrader","floor":3,"gold_loss":0},{"damage_healed":0,"gold_gain":0,"player_choice":"Searched \u00271\u0027 times","damage_taken":0,"relics_obtained":["Mango"],"max_hp_gain":0,"max_hp_loss":0,"event_name":"Dead Adventurer","floor":13,"gold_loss":0},{"damage_healed":0,"gold_gain":0,"cards_transformed":["Strike_G"],"player_choice":"Transformed","damage_taken":0,"max_hp_gain":0,"max_hp_loss":0,"event_name":"Transmorgrifier","floor":20,"gold_loss":0,"cards_obtained":["Accuracy"]},{"cards_removed":["Defend_G"],"damage_healed":0,"gold_gain":0,"player_choice":"Removed Skill","damage_taken":0,"max_hp_gain":0,"max_hp_loss":0,"event_name":"Falling","floor":38,"gold_loss":0},{"damage_healed":0,"gold_gain":0,"player_choice":"Paid","damage_taken":0,"relics_obtained":["Red Mask"],"max_hp_gain":0,"max_hp_loss":0,"event_name":"Tomb of Lord Red Mask","floor":47,"gold_loss":117}],"is_beta":false,"boss_relics":[{"not_picked":["Empty Cage","Coffee Dripper"],"picked":"HoveringKite"},{"not_picked":["Cursed Key","SlaversCollar"],"picked":"WristBlade"}],"items_purged_floors":[14,36],"is_endless":false,"potions_floor_spawned":[5,11,12,16,22,27,29,30,39,40,45,46],"ascension_level":1}