{"gold_per_floor":[114,114,94,114,134,134,166,166,166,192,205,215,243,257,257,332,332,343,355,365,290,290,290,319,319,319,319,337,370,370,370,370,445,445,462,478,489,504,317,343,363,363,386,403,403,421,435,310,310,310,310,310,310,79,79],"floor_reached":55,"playtime":4380,"items_purged":["Swivel","PathToVictory","BattleHymn","BowlingBash"],"score":1972,"play_id":"a198985d-b875-4050-a09a-638d3ee75868","local_time":"20220523190809","is_ascension_mode":true,"campfire_choices":[{"data":"BowlingBash","floor":6.0,"key":"SMITH"},{"data":"Vault","floor":8.0,"key":"SMITH"},{"data":"Meditate","floor":15.0,"key":"SMITH"},{"data":"Weave","floor":23.0,"key":"SMITH"},{"data":"EmptyMind","floor":25.0,"key":"SMITH"},{"data":"Weave","floor":27.0,"key":"SMITH"},{"data":"Alpha","floor":30.0,"key":"SMITH"},{"data":"MentalFortress","floor":32.0,"key":"SMITH"},{"data":"1","floor":42.0,"key":"LIFT"},{"floor":49.0,"key":"RECALL"},{"data":"TalkToTheHand","floor":53,"key":"SMITH"}],"neow_cost":"NONE","seed_source_timestamp":0,"circlet_count":0,"master_deck":["AscendersBane","Eruption+1","Vigilance","MentalFortress+1","BowlingBash+1","Wireheading","Vault+1","ThirdEye","JustLucky","CutThroughFate","DeusExMachina","Meditate+1","Alpha+1","Weave+1","Weave+1","Vengeance","Protect","EmptyBody","EmptyMind+1","Tantrum","ClearTheMind+1","JustLucky","FlurryOfBlows+1","Scrawl","TalkToTheHand+1","TalkToTheHand"],"special_seed":0,"relics":["PureWater","Meat on the Bone","Dream Catcher","Bottled Lightning","Akabeko","Shuriken","Pandora\u0027s Box","Singing Bowl","Anchor","Gremlin Horn","Coffee Dripper","Girya"],"potions_floor_usage":[],"damage_taken":[{"damage":0.0,"enemies":"Cultist","floor":1.0,"turns":2.0},{"damage":0.0,"enemies":"Jaw Worm","floor":4.0,"turns":4.0},{"damage":6.0,"enemies":"2 Louse","floor":5.0,"turns":3.0},{"damage":8.0,"enemies":"Lagavulin","floor":7.0,"turns":7.0},{"damage":14.0,"enemies":"3 Sentries","floor":10.0,"turns":7.0},{"damage":7.0,"enemies":"2 Fungi Beasts","floor":11.0,"turns":4.0},{"damage":12.0,"enemies":"Lots of Slimes","floor":12.0,"turns":6.0},{"damage":14.0,"enemies":"Gremlin Nob","floor":13.0,"turns":4.0},{"damage":4.0,"enemies":"Looter","floor":14.0,"turns":3.0},{"damage":23.0,"enemies":"Hexaghost","floor":16.0,"turns":8.0},{"damage":5.0,"enemies":"3 Byrds","floor":18.0,"turns":4.0},{"damage":17.0,"enemies":"Shell Parasite","floor":19.0,"turns":5.0},{"damage":0.0,"enemies":"Centurion and Healer","floor":20.0,"turns":5.0},{"damage":2.0,"enemies":"Book of Stabbing","floor":24.0,"turns":4.0},{"damage":0.0,"enemies":"Sentry and Sphere","floor":28.0,"turns":4.0},{"damage":4.0,"enemies":"Slavers","floor":29.0,"turns":3.0},{"damage":0.0,"enemies":"Automaton","floor":33.0,"turns":7.0},{"damage":8.0,"enemies":"3 Darklings","floor":35.0,"turns":3.0},{"damage":0.0,"enemies":"Orb Walker","floor":36.0,"turns":4.0},{"damage":11.0,"enemies":"Jaw Worm Horde","floor":37.0,"turns":4.0},{"damage":0.0,"enemies":"3 Darklings","floor":38.0,"turns":2.0},{"damage":0.0,"enemies":"Nemesis","floor":40.0,"turns":2.0},{"damage":0.0,"enemies":"Transient","floor":41.0,"turns":6.0},{"damage":0.0,"enemies":"Spire Growth","floor":44.0,"turns":3.0},{"damage":0.0,"enemies":"4 Shapes","floor":46.0,"turns":2.0},{"damage":0.0,"enemies":"Maw","floor":47.0,"turns":5.0},{"damage":29.0,"enemies":"Donu and Deca","floor":50.0,"turns":7.0},{"damage":30,"enemies":"Time Eater","floor":51,"turns":9},{"damage":79,"enemies":"Shield and Spear","floor":55,"turns":4}],"seed_played":"4576372776441721621","potions_obtained":[{"floor":1.0,"key":"Weak Potion"},{"floor":3.0,"key":"SneckoOil"},{"floor":4.0,"key":"EssenceOfSteel"},{"floor":14.0,"key":"Strength Potion"},{"floor":16.0,"key":"LiquidBronze"},{"floor":18.0,"key":"Fire Potion"},{"floor":19.0,"key":"LiquidMemories"},{"floor":28.0,"key":"Fire Potion"},{"floor":29.0,"key":"FearPotion"},{"floor":35.0,"key":"PowerPotion"},{"floor":40.0,"key":"SpeedPotion"}],"is_trial":false,"path_per_floor":["M","?","?","M","M","R","E","R","T","E","M","M","E","M","R","B",null,"M","M","M","$","?","R","E","R","T","R","M","E","R","?","R","B",null,"M","M","M","M","$","E","M","R","T","M","?","M","M","$","R","B","B",null,"R","$","E"],"character_chosen":"WATCHER","items_purchased":["Scrawl","DuplicationPotion"],"campfire_rested":0,"item_purchase_floors":[39,54],"current_hp_per_floor":[61,56,56,56,50,50,42,42,42,40,45,45,43,39,39,28,58,53,36,36,36,36,36,46,46,46,46,48,44,44,44,44,46,66,58,58,49,49,49,49,51,51,51,53,53,55,55,55,55,38,20,65,65,65,0],"gold":79,"neow_bonus":"UPGRADE_CARD","is_prod":false,"is_daily":false,"chose_seed":false,"campfire_upgraded":9,"win_rate":0,"timestamp":1653358089,"path_taken":["M","?","?","M","M","R","E","R","T","E","M","M","E","M","R","BOSS","M","?","M","$","?","R","E","R","T","R","M","E","R","?","R","BOSS","M","M","M","M","$","E","M","R","T","?","?","M","M","$","R","BOSS","BOSS","R","$","E"],"build_version":"2022-03-07","purchased_purges":4,"victory":false,"max_hp_per_floor":[68,68,68,68,68,68,68,68,68,68,68,68,68,68,68,68,68,68,68,68,68,68,68,68,68,68,68,70,70,70,70,70,72,72,72,72,74,74,74,74,76,76,76,78,78,80,80,80,80,80,80,80,80,80,80],"card_choices":[{"not_picked":["Swivel","Evaluate"],"picked":"MentalFortress","floor":1.0},{"not_picked":["SashWhip","Indignation"],"picked":"BowlingBash","floor":4.0},{"not_picked":["PathToVictory","ClearTheMind"],"picked":"Wireheading","floor":5.0},{"not_picked":["Evaluate","ThirdEye"],"picked":"Vault","floor":7.0},{"not_picked":["SignatureMove","PathToVictory"],"picked":"ThirdEye","floor":10.0},{"not_picked":["Prostrate","FlyingSleeves"],"picked":"JustLucky","floor":11.0},{"not_picked":["Protect","MentalFortress"],"picked":"CutThroughFate","floor":12.0},{"not_picked":["ClearTheMind","WheelKick"],"picked":"DeusExMachina","floor":13.0},{"not_picked":["Pray","SandsOfTime"],"picked":"Meditate","floor":14.0},{"not_picked":["Brilliance","Vault"],"picked":"Alpha","floor":16.0},{"not_picked":["Crescendo","JustLucky"],"picked":"EmptyBody","floor":18.0},{"not_picked":["LikeWater","Protect","CarveReality+1"],"picked":"SKIP","floor":19.0},{"not_picked":["Halt","FlyingSleeves","WheelKick"],"picked":"SKIP","floor":20.0},{"not_picked":["BattleHymn","Swivel"],"picked":"EmptyMind","floor":24.0},{"not_picked":["FlurryOfBlows","WheelKick","WindmillStrike"],"picked":"Singing Bowl","floor":28.0},{"not_picked":["Collect","Consecrate"],"picked":"Tantrum","floor":29.0},{"not_picked":["Devotion","Judgement","Blasphemy"],"picked":"Singing Bowl","floor":33.0},{"not_picked":["SandsOfTime","Indignation+1"],"picked":"ClearTheMind+1","floor":35.0},{"not_picked":["PathToVictory+1","Evaluate"],"picked":"JustLucky","floor":36.0},{"not_picked":["BowlingBash","CrushJoints","FollowUp"],"picked":"Singing Bowl","floor":37.0},{"not_picked":["DeceiveReality","Evaluate"],"picked":"FlurryOfBlows+1","floor":38.0},{"not_picked":["Establishment","SignatureMove"],"picked":"TalkToTheHand","floor":40.0},{"not_picked":["BowlingBash","Halt","Protect+1"],"picked":"Singing Bowl","floor":41.0},{"not_picked":["SashWhip","DeceiveReality+1","Halt"],"picked":"Singing Bowl","floor":44.0},{"not_picked":["Pray+1","Weave","Evaluate"],"picked":"Singing Bowl","floor":46.0},{"not_picked":["BattleHymn","Crescendo"],"picked":"TalkToTheHand","floor":47.0}],"player_experience":1109326,"relics_obtained":[{"floor":7.0,"key":"Dream Catcher"},{"floor":9.0,"key":"Bottled Lightning"},{"floor":10.0,"key":"Akabeko"},{"floor":13.0,"key":"Shuriken"},{"floor":24.0,"key":"Singing Bowl"},{"floor":26.0,"key":"Anchor"},{"floor":29.0,"key":"Gremlin Horn"},{"floor":40.0,"key":"Girya"}],"event_choices":[{"damage_healed":0.0,"max_hp_gain":0.0,"max_hp_loss":0.0,"gold_gain":0.0,"event_name":"Scrap Ooze","player_choice":"Success","floor":2.0,"gold_loss":0.0,"damage_taken":5.0,"relics_obtained":["Meat on the Bone"]},{"damage_healed":0.0,"max_hp_gain":0.0,"max_hp_loss":0.0,"gold_gain":0.0,"event_name":"The Woman in Blue","player_choice":"Bought 1 Potion","floor":3.0,"gold_loss":0.0,"damage_taken":0.0},{"damage_healed":0.0,"max_hp_gain":0.0,"max_hp_loss":0.0,"gold_gain":0.0,"event_name":"The Mausoleum","player_choice":"Ignored","floor":22.0,"gold_loss":0.0,"damage_taken":0.0},{"damage_healed":0.0,"max_hp_gain":0.0,"max_hp_loss":0.0,"gold_gain":0.0,"cards_transformed":["Conclude"],"event_name":"Transmorgrifier","player_choice":"Transformed","floor":31.0,"gold_loss":0.0,"damage_taken":0.0,"cards_obtained":["PathToVictory"]},{"damage_healed":0.0,"max_hp_gain":0.0,"max_hp_loss":0.0,"gold_gain":0.0,"event_name":"Tomb of Lord Red Mask","player_choice":"Ignored","floor":45.0,"gold_loss":0.0,"damage_taken":0.0}],"is_beta":false,"boss_relics":[{"not_picked":["Black Star","Busted Crown"],"picked":"Pandora\u0027s Box"},{"not_picked":["Runic Pyramid","Empty Cage"],"picked":"Coffee Dripper"}],"items_purged_floors":[21,39,48,54],"is_endless":false,"potions_floor_spawned":[1,4,14,16,18,19,28,29,35,40,41,44,47],"killed_by":"Shield and Spear","ascension_level":20}