{"gold_per_floor":[18,32,44,44,44,88,104,145,222,262,262,277,313,382,382,476,476,494,519,444,494,513,553,553,584,608,643,643,661,661,576,576,654,654,667,667,667,685,442,442,471,496,522,548,548,559,571,618,618,618,618,618,618,24,50,50],"floor_reached":57,"playtime":2770,"items_purged":["Defend_P+1","Strike_P+1"],"score":2942,"play_id":"8fc8d3ca-6f9b-4752-af29-c23e71f6ca7c","local_time":"20220528120720","is_ascension_mode":true,"campfire_choices":[{"data":"CrushJoints","floor":11,"key":"SMITH"},{"floor":15,"key":"REST"},{"data":"Adaptation","floor":24,"key":"SMITH"},{"floor":32,"key":"RECALL"},{"data":"1","floor":45,"key":"LIFT"},{"data":"2","floor":49,"key":"LIFT"},{"data":"3","floor":53,"key":"LIFT"}],"neow_cost":"NO_GOLD","seed_source_timestamp":31717809488200,"circlet_count":0,"master_deck":["AscendersBane","Strike_P+1","Strike_P+1","Strike_P+1","Defend_P+1","Defend_P+1","Eruption+1","Vigilance+1","LessonLearned+1","CrushJoints+1","EmptyBody+1","ClearTheMind+1","EmptyFist+1","FlurryOfBlows+1","CutThroughFate+1","Tantrum+1","EmptyFist+1","Crescendo+1","InnerPeace+1","Adaptation+1","TalkToTheHand+1","Wallop+1","TalkToTheHand+1","DeceiveReality+1","FlurryOfBlows+1"],"relics":["PureWater","Bloody Idol","Molten Egg 2","CaptainsWheel","Gremlin Horn","Orichalcum","Nunchaku","Darkstone Periapt","Coffee Dripper","Kunai","Bird Faced Urn","Blood Vial","Unceasing Top","Question Card","VioletLotus","Frozen Eye","Girya","Gambling Chip","Pocketwatch","Turnip","Lee\u0027s Waffle","Strawberry","Akabeko","Letter Opener"],"potions_floor_usage":[6,8,13,16,23,29,56,56],"damage_taken":[{"damage":3,"enemies":"2 Louse","floor":1,"turns":4},{"damage":12,"enemies":"Small Slimes","floor":2,"turns":2},{"damage":0,"enemies":"Jaw Worm","floor":3,"turns":3},{"damage":20,"enemies":"3 Sentries","floor":6,"turns":5},{"damage":0,"enemies":"Blue Slaver","floor":7,"turns":2},{"damage":6,"enemies":"Gremlin Nob","floor":8,"turns":3},{"damage":2,"enemies":"3 Sentries","floor":10,"turns":6},{"damage":7,"enemies":"Large Slime","floor":12,"turns":7},{"damage":9,"enemies":"Gremlin Nob","floor":13,"turns":4},{"damage":14,"enemies":"Lagavulin Event","floor":14,"turns":5},{"damage":14,"enemies":"The Guardian","floor":16,"turns":10},{"damage":7,"enemies":"Chosen","floor":18,"turns":3},{"damage":7,"enemies":"3 Byrds","floor":19,"turns":3},{"damage":0,"enemies":"3 Cultists","floor":22,"turns":3},{"damage":0,"enemies":"Gremlin Leader","floor":23,"turns":2},{"damage":0,"enemies":"Slavers","floor":25,"turns":1},{"damage":7,"enemies":"Book of Stabbing","floor":27,"turns":4},{"damage":0,"enemies":"Shelled Parasite and Fungi","floor":29,"turns":1},{"damage":22,"enemies":"Collector","floor":33,"turns":6},{"damage":0,"enemies":"3 Shapes","floor":35,"turns":3},{"damage":0,"enemies":"Orb Walker","floor":38,"turns":1},{"damage":0,"enemies":"Reptomancer","floor":41,"turns":3},{"damage":0,"enemies":"Mind Bloom Boss Battle","floor":42,"turns":2},{"damage":3,"enemies":"Nemesis","floor":44,"turns":3},{"damage":0,"enemies":"Jaw Worm Horde","floor":46,"turns":1},{"damage":2,"enemies":"Sphere and 2 Shapes","floor":47,"turns":2},{"damage":0,"enemies":"2 Orb Walkers","floor":48,"turns":3},{"damage":35,"enemies":"Donu and Deca","floor":50,"turns":6},{"damage":6,"enemies":"Awakened One","floor":51,"turns":6},{"damage":4,"enemies":"Shield and Spear","floor":55,"turns":5},{"damage":14,"enemies":"The Heart","floor":56,"turns":8}],"seed_played":"4414025408602051599","potions_obtained":[{"floor":2,"key":"Strength Potion"},{"floor":6,"key":"Fire Potion"},{"floor":12,"key":"GamblersBrew"},{"floor":13,"key":"Block Potion"},{"floor":14,"key":"Dexterity Potion"},{"floor":16,"key":"Energy Potion"},{"floor":23,"key":"Energy Potion"},{"floor":35,"key":"Ancient Potion"},{"floor":42,"key":"PowerPotion"}],"is_trial":false,"path_per_floor":["M","M","M","?","?","E","M","E","T","E","R","M","E","?","R","B",null,"M","M","?","?","M","E","R","E","T","E","?","M","?","?","R","B",null,"M","?","?","M","$","R","E","?","T","E","R","M","M","?","R","B","B",null,"R","$","E","B",null],"character_chosen":"WATCHER","items_purchased":["Frozen Eye","Lee\u0027s Waffle","Strawberry","Akabeko"],"campfire_rested":1,"item_purchase_floors":[39,54,54,54],"current_hp_per_floor":[58,46,46,68,62,42,42,36,36,34,34,27,18,4,22,8,49,42,35,35,35,35,35,35,35,35,30,30,34,34,34,34,21,52,61,59,59,59,59,59,59,59,59,59,59,59,59,59,59,26,24,50,50,73,73,63],"gold":50,"neow_bonus":"THREE_RARE_CARDS","is_prod":false,"is_daily":false,"chose_seed":false,"campfire_upgraded":2,"win_rate":0,"timestamp":1653764840,"path_taken":["M","M","M","?","?","E","M","E","T","E","R","M","E","?","R","BOSS","M","M","?","?","M","E","R","E","T","E","?","?","?","?","R","BOSS","M","?","?","M","$","R","E","?","T","E","R","M","M","?","R","BOSS","BOSS","R","$","E","BOSS"],"build_version":"2022-03-07","purchased_purges":2,"victory":true,"max_hp_per_floor":[68,68,68,68,62,62,62,62,62,62,62,62,62,62,62,62,62,62,62,62,62,62,62,62,62,62,62,62,62,62,62,62,62,62,62,59,59,59,59,59,59,59,59,59,59,59,59,59,59,59,59,59,59,73,73,73],"card_choices":[{"not_picked":["Vault","Alpha"],"picked":"LessonLearned","floor":0},{"not_picked":["Crescendo","InnerPeace"],"picked":"CrushJoints","floor":1},{"not_picked":["Prostrate","ThirdEye"],"picked":"EmptyBody","floor":2},{"not_picked":["WaveOfTheHand","Omniscience"],"picked":"ClearTheMind","floor":3},{"not_picked":["EmptyMind","FlurryOfBlows+1"],"picked":"EmptyFist+1","floor":6},{"not_picked":["Evaluate","MentalFortress"],"picked":"FlurryOfBlows+1","floor":7},{"not_picked":["Perseverance","Conclude+1"],"picked":"CutThroughFate+1","floor":8},{"not_picked":["MentalFortress","ClearTheMind"],"picked":"Tantrum+1","floor":10},{"not_picked":["Weave+1","Omniscience"],"picked":"EmptyFist+1","floor":12},{"not_picked":["Evaluate","Consecrate+1"],"picked":"Crescendo","floor":13},{"not_picked":["ClearTheMind","LikeWater"],"picked":"InnerPeace","floor":18},{"not_picked":["WaveOfTheHand","Prostrate","Swivel"],"picked":"SKIP","floor":19},{"not_picked":["Indignation","SignatureMove+1"],"picked":"Adaptation","floor":22},{"not_picked":["EmptyBody","Meditate+1"],"picked":"TalkToTheHand+1","floor":23},{"not_picked":["LikeWater","Evaluate"],"picked":"Wallop+1","floor":25},{"not_picked":["WaveOfTheHand","JustLucky+1","FlyingSleeves+1"],"picked":"SKIP","floor":27},{"not_picked":["Consecrate+1","CutThroughFate+1"],"picked":"TalkToTheHand+1","floor":29},{"not_picked":["Vengeance","SashWhip+1","BowlingBash+1","Halt"],"picked":"SKIP","floor":35},{"not_picked":["SignatureMove+1","SashWhip+1","FollowUp+1"],"picked":"DeceiveReality+1","floor":38},{"not_picked":["LessonLearned+1","Fasting2","ClearTheMind","Protect"],"picked":"SKIP","floor":41},{"not_picked":["Evaluate","BowlingBash+1","Nirvana"],"picked":"FlurryOfBlows+1","floor":42},{"not_picked":["Halt","Sanctity+1","Conclude+1","Collect"],"picked":"SKIP","floor":44},{"not_picked":["PathToVictory","Collect","Sanctity","Brilliance+1"],"picked":"SKIP","floor":46},{"not_picked":["EmptyFist+1","SandsOfTime+1","ReachHeaven+1","Protect"],"picked":"SKIP","floor":47},{"not_picked":["EmptyBody","ThirdEye","CutThroughFate+1","Weave+1"],"picked":"SKIP","floor":55}],"player_experience":1133543,"relics_obtained":[{"floor":6,"key":"Molten Egg 2"},{"floor":8,"key":"CaptainsWheel"},{"floor":9,"key":"Gremlin Horn"},{"floor":10,"key":"Orichalcum"},{"floor":13,"key":"Nunchaku"},{"floor":14,"key":"Darkstone Periapt"},{"floor":23,"key":"Kunai"},{"floor":25,"key":"Bird Faced Urn"},{"floor":26,"key":"Blood Vial"},{"floor":27,"key":"Unceasing Top"},{"floor":41,"key":"Girya"},{"floor":42,"key":"Gambling Chip"},{"floor":44,"key":"Pocketwatch"},{"floor":48,"key":"Turnip"},{"floor":55,"key":"Letter Opener"}],"event_choices":[{"damage_healed":22,"gold_gain":0,"player_choice":"Banana","damage_taken":0,"max_hp_gain":0,"max_hp_loss":0,"event_name":"Big Fish","floor":4,"gold_loss":0},{"damage_healed":0,"gold_gain":0,"player_choice":"Lose Max HP","damage_taken":0,"relics_obtained":["Golden Idol"],"max_hp_gain":0,"max_hp_loss":6,"event_name":"Golden Idol","floor":5,"gold_loss":0},{"damage_healed":0,"gold_gain":0,"player_choice":"Searched \u00271\u0027 times","damage_taken":0,"max_hp_gain":0,"max_hp_loss":0,"event_name":"Dead Adventurer","floor":14,"gold_loss":0},{"cards_removed":["Defend_P"],"damage_healed":0,"gold_gain":0,"player_choice":"Gave Gold","damage_taken":0,"max_hp_gain":0,"max_hp_loss":0,"event_name":"Beggar","floor":20,"gold_loss":75},{"damage_healed":0,"gold_gain":50,"player_choice":"Stole From Cult","damage_taken":0,"max_hp_gain":0,"max_hp_loss":0,"event_name":"Nest","floor":21,"gold_loss":0},{"damage_healed":0,"gold_gain":0,"player_choice":"Ignored","damage_taken":0,"max_hp_gain":0,"max_hp_loss":0,"event_name":"The Mausoleum","floor":28,"gold_loss":0},{"damage_healed":0,"gold_gain":0,"player_choice":"Gave Idol","damage_taken":0,"relics_obtained":["Bloody Idol"],"max_hp_gain":0,"max_hp_loss":0,"event_name":"Forgotten Altar","floor":30,"relics_lost":["Golden Idol"],"gold_loss":0},{"damage_healed":0,"gold_gain":0,"player_choice":"Obtained Relic","damage_taken":0,"relics_obtained":["Question Card"],"max_hp_gain":0,"max_hp_loss":0,"event_name":"Addict","floor":31,"gold_loss":85},{"damage_healed":0,"gold_gain":0,"player_choice":"Max HP","damage_taken":0,"max_hp_gain":0,"max_hp_loss":3,"event_name":"Winding Halls","floor":36,"gold_loss":0},{"damage_healed":0,"gold_gain":0,"player_choice":"Memory 1","damage_taken":0,"max_hp_gain":0,"max_hp_loss":0,"event_name":"SensoryStone","floor":37,"gold_loss":0},{"damage_healed":0,"gold_gain":0,"player_choice":"Fight","damage_taken":0,"max_hp_gain":0,"max_hp_loss":0,"event_name":"MindBloom","floor":42,"gold_loss":0},{"damage_healed":0,"gold_gain":0,"player_choice":"Fight","damage_taken":0,"max_hp_gain":0,"max_hp_loss":0,"event_name":"Mysterious Sphere","floor":48,"gold_loss":0}],"is_beta":false,"boss_relics":[{"not_picked":["Velvet Choker","Cursed Key"],"picked":"Coffee Dripper"},{"not_picked":["Empty Cage","Tiny House"],"picked":"VioletLotus"}],"items_purged_floors":[39,54],"is_endless":false,"potions_floor_spawned":[2,6,12,13,14,16,23,25,35,38,42,46],"ascension_level":20}