{"gold_per_floor":[113,132,132,132,182,217,217,237,237,277,290,308,308,321,321,410,410,425,425,188,103,117,117,158,181,181,181,202,202,221,255,255,348,348,367,431,455,455,455,489,489,489,512,336,356,389,389,439,439,439,439,439,439,8,46,46],"floor_reached":57,"playtime":3164,"items_purged":["Strike_G","All Out Attack","Slice"],"score":2891,"play_id":"6afa4b98-a3f4-4c23-ad33-716b438c0bda","local_time":"20220530232100","is_ascension_mode":true,"campfire_choices":[{"data":"Deadly Poison","floor":7.0,"key":"SMITH"},{"data":"Blade Dance","floor":13.0,"key":"SMITH"},{"data":"Skewer","floor":15,"key":"SMITH"},{"data":"Corpse Explosion","floor":23,"key":"SMITH"},{"data":"Concentrate","floor":27,"key":"SMITH"},{"data":"Concentrate","floor":32,"key":"SMITH"},{"data":"Wraith Form v2","floor":47,"key":"SMITH"},{"floor":49,"key":"RECALL"},{"data":"Wraith Form v2","floor":53,"key":"SMITH"}],"neow_cost":"TEN_PERCENT_HP_LOSS","seed_source_timestamp":244511388249600,"circlet_count":0,"master_deck":["AscendersBane","Survivor","Neutralize","Deadly Poison+1","Blade Dance+1","Terror","Leg Sweep","Corpse Explosion+1","Concentrate+1","Acrobatics","Blur+1","Escape Plan","Glass Knife","Prepared","Concentrate+1","Outmaneuver+1","Wraith Form v2+1","Tactician","Flechettes","Wraith Form v2+1","Deflect","A Thousand Cuts","Prepared+1","Noxious Fumes+1","Envenom","Accuracy","Acrobatics+1","Prepared+1"],"special_seed":0,"relics":["Ring of the Snake","CaptainsWheel","Golden Idol","Mango","Eternal Feather","Nunchaku","Runic Pyramid","TwistedFunnel","Oddly Smooth Stone","Pear","Gambling Chip","InkBottle","Pandora\u0027s Box","TungstenRod","Ancient Tea Set","Bag of Marbles","Potion Belt","Membership Card","Paper Crane","Kunai"],"potions_floor_usage":[14,24,51],"damage_taken":[{"damage":0.0,"enemies":"2 Louse","floor":1.0,"turns":4.0},{"damage":0.0,"enemies":"Jaw Worm","floor":2.0,"turns":6.0},{"damage":24.0,"enemies":"Gremlin Nob","floor":6.0,"turns":5.0},{"damage":0.0,"enemies":"Cultist","floor":8.0,"turns":3.0},{"damage":24.0,"enemies":"3 Sentries","floor":10.0,"turns":10.0},{"damage":6.0,"enemies":"Looter","floor":11.0,"turns":3.0},{"damage":0.0,"enemies":"2 Fungi Beasts","floor":12.0,"turns":2.0},{"damage":1,"enemies":"Blue Slaver","floor":14,"turns":2},{"damage":21,"enemies":"Hexaghost","floor":16,"turns":9},{"damage":0,"enemies":"Spheric Guardian","floor":18,"turns":5},{"damage":0,"enemies":"Chosen","floor":22,"turns":4},{"damage":26,"enemies":"Slavers","floor":24,"turns":3},{"damage":0,"enemies":"Snake Plant","floor":25,"turns":4},{"damage":0,"enemies":"Snecko","floor":28,"turns":4},{"damage":0,"enemies":"Sentry and Sphere","floor":30,"turns":5},{"damage":0,"enemies":"Gremlin Leader","floor":31,"turns":4},{"damage":35,"enemies":"Collector","floor":33,"turns":10},{"damage":4,"enemies":"3 Darklings","floor":35,"turns":3},{"damage":2,"enemies":"2 Orb Walkers","floor":36,"turns":3},{"damage":0,"enemies":"3 Shapes","floor":37,"turns":3},{"damage":0,"enemies":"Reptomancer","floor":40,"turns":6},{"damage":0,"enemies":"Spire Growth","floor":45,"turns":4},{"damage":0,"enemies":"Giant Head","floor":46,"turns":7},{"damage":1,"enemies":"Donu and Deca","floor":50,"turns":7},{"damage":24,"enemies":"Time Eater","floor":51,"turns":12},{"damage":0,"enemies":"Shield and Spear","floor":55,"turns":5},{"damage":68,"enemies":"The Heart","floor":56,"turns":11}],"seed_played":"7788337364866608112","potions_obtained":[{"floor":1.0,"key":"Block Potion"},{"floor":10.0,"key":"Dexterity Potion"},{"floor":12.0,"key":"Explosive Potion"},{"floor":14,"key":"SteroidPotion"},{"floor":28,"key":"Swift Potion"}],"is_trial":false,"path_per_floor":["M","M","?","?","?","E","R","M","T","E","M","M","R","M","R","B",null,"M","?","$","?","M","R","E","M","T","R","M","?","M","E","R","B",null,"M","?","M","?","?","E","?","T","T","$","M","E","R","?","R","B","B",null,"R","$","E","B",null],"character_chosen":"THE_SILENT","items_purchased":["TwistedFunnel","Accuracy","Membership Card","Paper Crane","CunningPotion","Fire Potion"],"campfire_rested":0,"item_purchase_floors":[20,44,54,54,54,54],"current_hp_per_floor":[59,59,52,52,52,42,42,42,42,18,12,12,21,20,29,8,53,53,53,53,53,53,65,49,49,49,61,61,61,61,61,73,38,68,64,62,62,62,62,62,62,62,62,62,62,62,74,74,74,73,49,68,74,74,74,6],"gold":46,"neow_bonus":"ONE_RARE_RELIC","is_prod":false,"is_daily":false,"chose_seed":false,"campfire_upgraded":8,"win_rate":0,"timestamp":1653978060,"path_taken":["M","M","?","?","?","E","R","M","T","E","?","M","R","M","R","BOSS","M","?","$","?","M","R","E","M","T","R","M","?","M","E","R","BOSS","M","?","M","?","?","E","?","?","T","$","?","E","R","?","R","BOSS","BOSS","R","$","E","BOSS"],"build_version":"2022-03-07","purchased_purges":3,"victory":true,"max_hp_per_floor":[60,60,60,54,54,68,68,68,68,68,68,68,68,68,68,68,68,68,68,68,68,68,68,78,78,78,78,78,78,78,78,78,78,78,78,78,78,74,74,74,74,74,74,74,74,74,74,74,74,74,74,74,74,74,74,74],"card_choices":[{"not_picked":["All Out Attack","Dodge and Roll"],"picked":"Slice","floor":1.0},{"not_picked":["Poisoned Stab","Flying Knee"],"picked":"Deadly Poison","floor":2.0},{"not_picked":["Terror","Escape Plan"],"picked":"Skewer","floor":6.0},{"not_picked":["Flying Knee","Deflect"],"picked":"Blade Dance","floor":8.0},{"not_picked":["Outmaneuver","Infinite Blades","Flying Knee"],"picked":"SKIP","floor":10.0},{"not_picked":["Dodge and Roll","Heel Hook"],"picked":"Terror","floor":11.0},{"not_picked":["Slice","Sucker Punch"],"picked":"Leg Sweep","floor":12.0},{"not_picked":["Underhanded Strike","Poisoned Stab","Dodge and Roll"],"picked":"SKIP","floor":14},{"not_picked":["Doppelganger","Phantasmal Killer"],"picked":"Corpse Explosion","floor":16},{"not_picked":["Bane","Flying Knee"],"picked":"Concentrate","floor":18},{"not_picked":["Backflip","Slice"],"picked":"Acrobatics","floor":22},{"not_picked":["Bouncing Flask","Deadly Poison"],"picked":"Blur+1","floor":24},{"not_picked":["Sucker Punch","Cloak And Dagger","Poisoned Stab"],"picked":"SKIP","floor":25},{"not_picked":["Backflip","Dagger Throw"],"picked":"Escape Plan","floor":28},{"not_picked":["Quick Slash","Flying Knee"],"picked":"Concentrate","floor":30},{"not_picked":["Distraction","Glass Knife"],"picked":"Outmaneuver+1","floor":31},{"not_picked":["Corpse Explosion","Tools of the Trade"],"picked":"Wraith Form v2","floor":33},{"not_picked":["Underhanded Strike","Poisoned Stab+1"],"picked":"Prepared+1","floor":35},{"not_picked":["Dash","Finisher"],"picked":"Noxious Fumes+1","floor":36},{"not_picked":["Prepared","Heel Hook","Dagger Spray"],"picked":"SKIP","floor":37},{"not_picked":["Predator","Underhanded Strike"],"picked":"Envenom","floor":40},{"not_picked":["Poisoned Stab+1","Dagger Spray+1"],"picked":"Acrobatics+1","floor":45},{"not_picked":["Dash","All Out Attack","Eviscerate"],"picked":"SKIP","floor":46},{"not_picked":["Riddle With Holes+1","Acrobatics"],"picked":"Prepared+1","floor":55}],"player_experience":1146455,"relics_obtained":[{"floor":6.0,"key":"Mango"},{"floor":9.0,"key":"Eternal Feather"},{"floor":10.0,"key":"Nunchaku"},{"floor":24,"key":"Pear"},{"floor":26,"key":"Gambling Chip"},{"floor":31,"key":"InkBottle"},{"floor":36,"key":"TungstenRod"},{"floor":40,"key":"Ancient Tea Set"},{"floor":43,"key":"Bag of Marbles"},{"floor":46,"key":"Potion Belt"},{"floor":55,"key":"Kunai"}],"event_choices":[{"cards_removed":["Strike_G"],"damage_healed":0.0,"max_hp_gain":0.0,"max_hp_loss":0.0,"gold_gain":0.0,"event_name":"Golden Wing","player_choice":"Card Removal","floor":3.0,"gold_loss":0.0,"damage_taken":7.0},{"damage_healed":0.0,"max_hp_gain":0.0,"max_hp_loss":6.0,"gold_gain":0.0,"event_name":"Golden Idol","player_choice":"Lose Max HP","floor":4.0,"gold_loss":0.0,"damage_taken":0.0,"relics_obtained":["Golden Idol"]},{"damage_healed":0.0,"max_hp_gain":0.0,"max_hp_loss":0.0,"gold_gain":50.0,"event_name":"Golden Shrine","player_choice":"Pray","floor":5.0,"gold_loss":0.0,"damage_taken":0.0},{"damage_healed":0,"gold_gain":0,"player_choice":"Ignored","damage_taken":0,"max_hp_gain":0,"max_hp_loss":0,"event_name":"The Mausoleum","floor":19,"gold_loss":0},{"damage_healed":0,"gold_gain":0,"player_choice":"Obtained Relic","damage_taken":0,"relics_obtained":["Oddly Smooth Stone"],"max_hp_gain":0,"max_hp_loss":0,"event_name":"Addict","floor":21,"gold_loss":85},{"damage_healed":0,"gold_gain":0,"cards_transformed":["Strike_G","Strike_G"],"player_choice":"Became Test Subject","damage_taken":0,"max_hp_gain":0,"max_hp_loss":0,"event_name":"Drug Dealer","floor":29,"gold_loss":0,"cards_obtained":["Glass Knife","Prepared"]},{"damage_healed":0,"gold_gain":0,"player_choice":"Fight","damage_taken":0,"max_hp_gain":0,"max_hp_loss":0,"event_name":"Mysterious Sphere","floor":36,"gold_loss":0},{"damage_healed":0,"gold_gain":0,"player_choice":"Max HP","damage_taken":0,"max_hp_gain":0,"max_hp_loss":4,"event_name":"Winding Halls","floor":38,"gold_loss":0},{"cards_removed":["Skewer"],"damage_healed":0,"gold_gain":0,"player_choice":"Removed Attack","damage_taken":0,"max_hp_gain":0,"max_hp_loss":0,"event_name":"Falling","floor":39,"gold_loss":0},{"damage_healed":0,"gold_gain":0,"player_choice":"Ignored","damage_taken":0,"max_hp_gain":0,"max_hp_loss":0,"event_name":"Tomb of Lord Red Mask","floor":41,"gold_loss":0},{"damage_healed":0,"gold_gain":50,"player_choice":"Pray","damage_taken":0,"max_hp_gain":0,"max_hp_loss":0,"event_name":"Golden Shrine","floor":48,"gold_loss":0}],"is_beta":false,"boss_relics":[{"not_picked":["WristBlade","Cursed Key"],"picked":"Runic Pyramid"},{"not_picked":["Velvet Choker","Sozu"],"picked":"Pandora\u0027s Box"}],"items_purged_floors":[20,44,54],"is_endless":false,"potions_floor_spawned":[1,10,12,14,16,22,28,30,31,33,35,36,45],"ascension_level":20}