{"gold_per_floor":[115,126,141,216,227,227,227,272,323,323,342,342,26,53,53,127,127,142,142,158,25,43,43,54,73,73,101,101],"floor_reached":28,"playtime":890,"items_purged":["Strike_R"],"score":480,"play_id":"deb27b1c-d044-43fd-933d-6b7627d31a82","local_time":"20220530162444","is_ascension_mode":true,"campfire_choices":[{"floor":6,"key":"REST"},{"data":"Combust","floor":12,"key":"SMITH"},{"data":"Fire Breathing","floor":15,"key":"SMITH"},{"floor":23,"key":"REST"}],"neow_cost":"PERCENT_DAMAGE","seed_source_timestamp":221878085601800,"circlet_count":0,"master_deck":["AscendersBane","Strike_R","Strike_R","Strike_R","Defend_R+1","Defend_R","Defend_R","Defend_R","Bash","Corruption+1","Perfected Strike","Fire Breathing+1","Combust+1","Brutality","Feel No Pain","Exhume","Evolve","Barricade","Shrug It Off","Feel No Pain","Power Through","True Grit","Offering","Armaments","Burning Pact","Body Slam"],"relics":["Burning Blood","MealTicket","Ancient Tea Set","Strange Spoon","Nunchaku","Mark of Pain","Gambling Chip","Lantern"],"potions_floor_usage":[5,18,27],"damage_taken":[{"damage":6,"enemies":"2 Louse","floor":1,"turns":3},{"damage":7,"enemies":"Jaw Worm","floor":2,"turns":3},{"damage":12,"enemies":"Small Slimes","floor":3,"turns":5},{"damage":8,"enemies":"Red Slaver","floor":5,"turns":4},{"damage":9,"enemies":"2 Fungi Beasts","floor":11,"turns":4},{"damage":16,"enemies":"Lagavulin","floor":14,"turns":7},{"damage":15,"enemies":"Slime Boss","floor":16,"turns":6},{"damage":39,"enemies":"2 Thieves","floor":18,"turns":5},{"damage":3,"enemies":"Chosen","floor":20,"turns":4},{"damage":16,"enemies":"Sentry and Sphere","floor":22,"turns":7},{"damage":9,"enemies":"Cultist and Chosen","floor":24,"turns":4},{"damage":14,"enemies":"Centurion and Healer","floor":25,"turns":8},{"damage":29,"enemies":"Slavers","floor":27,"turns":5},{"damage":40,"enemies":"Masked Bandits","floor":28,"turns":3}],"seed_played":"246394336163457107","potions_obtained":[{"floor":2,"key":"AttackPotion"},{"floor":5,"key":"PowerPotion"},{"floor":11,"key":"Energy Potion"},{"floor":18,"key":"BlessingOfTheForge"},{"floor":25,"key":"Fruit Juice"}],"is_trial":false,"path_per_floor":["M","M","M","?","M","R","?","T","T","?","M","R","$","E","R","B",null,"M","?","M","$","M","R","M","M","T","E","?"],"character_chosen":"IRONCLAD","items_purchased":["Exhume","Strange Spoon","Power Through","True Grit"],"campfire_rested":2,"item_purchase_floors":[13,13,21,21],"current_hp_per_floor":[50,49,43,32,30,52,29,29,29,29,26,26,41,31,31,22,62,29,29,32,47,37,59,56,48,48,25,0],"gold":101,"neow_bonus":"THREE_RARE_CARDS","is_prod":false,"is_daily":false,"chose_seed":false,"campfire_upgraded":2,"win_rate":0,"timestamp":1653953084,"path_taken":["M","M","M","?","M","R","?","?","T","?","?","R","$","E","R","BOSS","M","?","M","$","?","R","M","M","T","E","?"],"build_version":"2022-03-07","purchased_purges":1,"victory":false,"max_hp_per_floor":[75,75,75,75,75,75,75,75,75,75,75,75,75,75,75,75,75,75,75,75,75,75,75,75,75,75,75,75],"card_choices":[{"not_picked":["Demon Form","Brutality"],"picked":"Corruption","floor":0},{"not_picked":["Warcry","Ghostly Armor"],"picked":"Perfected Strike","floor":1},{"not_picked":["Sword Boomerang","Seeing Red"],"picked":"Fire Breathing","floor":2},{"not_picked":["Heavy Blade","Warcry","Twin Strike"],"picked":"SKIP","floor":3},{"not_picked":["Cleave","Clash"],"picked":"Combust","floor":5},{"not_picked":["Rupture","Headbutt"],"picked":"Feel No Pain","floor":11},{"not_picked":["Flex","Sentinel"],"picked":"Evolve","floor":14},{"not_picked":["Berserk","Limit Break"],"picked":"Barricade","floor":16},{"not_picked":["Clothesline","Iron Wave"],"picked":"Shrug It Off","floor":18},{"not_picked":["Sword Boomerang","Perfected Strike","Headbutt"],"picked":"SKIP","floor":20},{"not_picked":["Shrug It Off","Dual Wield"],"picked":"Offering","floor":22},{"not_picked":["Headbutt","Flex"],"picked":"Armaments","floor":24},{"not_picked":["Sentinel","Headbutt"],"picked":"Burning Pact","floor":25},{"not_picked":["Seeing Red","Rage"],"picked":"Body Slam","floor":27}],"player_experience":1145565,"relics_obtained":[{"floor":8,"key":"MealTicket"},{"floor":9,"key":"Ancient Tea Set"},{"floor":14,"key":"Nunchaku"},{"floor":26,"key":"Gambling Chip"},{"floor":27,"key":"Lantern"}],"event_choices":[{"damage_healed":0,"gold_gain":75,"player_choice":"Gather Gold","damage_taken":11,"max_hp_gain":0,"max_hp_loss":0,"event_name":"World of Goop","floor":4,"gold_loss":0},{"damage_healed":0,"gold_gain":0,"player_choice":"Entered Light","damage_taken":23,"max_hp_gain":0,"max_hp_loss":0,"event_name":"Shining Light","floor":7,"gold_loss":0,"cards_upgraded":["Defend_R","Corruption"]},{"damage_healed":0,"gold_gain":0,"cards_transformed":["Strike_R"],"player_choice":"Transformed","damage_taken":0,"max_hp_gain":0,"max_hp_loss":0,"event_name":"Transmorgrifier","floor":10,"gold_loss":0,"cards_obtained":["Brutality"]},{"damage_healed":0,"gold_gain":0,"player_choice":"Copied","damage_taken":0,"max_hp_gain":0,"max_hp_loss":0,"event_name":"Duplicator","floor":19,"gold_loss":0,"cards_obtained":["Feel No Pain"]},{"damage_healed":0,"gold_gain":0,"player_choice":"Fought Bandits","damage_taken":0,"max_hp_gain":0,"max_hp_loss":0,"event_name":"Masked Bandits","floor":28,"gold_loss":0}],"is_beta":false,"boss_relics":[{"not_picked":["Coffee Dripper","Runic Dome"],"picked":"Mark of Pain"}],"items_purged_floors":[13],"is_endless":false,"potions_floor_spawned":[2,5,11,16,18,20,22,25],"killed_by":"Masked Bandits","ascension_level":20}