{"gold_per_floor":[118,136,150,163,163,163,163,163,187,215,215,229,260,260,260,260],"floor_reached":16,"playtime":498,"items_purged":[],"score":220,"play_id":"9d67b2a8-3798-4e40-aec2-d5cd5891e97c","local_time":"20220526192114","is_ascension_mode":true,"campfire_choices":[{"data":"Uppercut","floor":6,"key":"SMITH"},{"data":"Feed","floor":8,"key":"SMITH"},{"data":"True Grit","floor":11,"key":"SMITH"},{"data":"Fire Breathing","floor":15,"key":"SMITH"}],"neow_cost":"NONE","seed_source_timestamp":169760514068500,"circlet_count":0,"master_deck":["AscendersBane","Strike_R","Strike_R","Strike_R","Strike_R","Strike_R","Defend_R","Defend_R","Defend_R","Defend_R","Bash","Feed+1","Spot Weakness","Uppercut+1","Anger","True Grit+1","Shockwave","Fire Breathing+1"],"relics":["Burning Blood","Juzu Bracelet","Potion Belt","Bag of Marbles","Bag of Preparation"],"potions_floor_usage":[10,10,13,16],"damage_taken":[{"damage":12,"enemies":"Cultist","floor":1,"turns":4},{"damage":10,"enemies":"Small Slimes","floor":2,"turns":3},{"damage":6,"enemies":"Jaw Worm","floor":3,"turns":3},{"damage":13,"enemies":"Looter","floor":4,"turns":5},{"damage":28,"enemies":"3 Sentries","floor":10,"turns":7},{"damage":7,"enemies":"Exordium Thugs","floor":12,"turns":5},{"damage":32,"enemies":"Gremlin Nob","floor":13,"turns":5},{"damage":49,"enemies":"Slime Boss","floor":16,"turns":8}],"seed_played":"152234754912210975","potions_obtained":[{"floor":3,"key":"CultistPotion"},{"floor":4,"key":"ColorlessPotion"},{"floor":10,"key":"CultistPotion"},{"floor":12,"key":"EssenceOfSteel"},{"floor":13,"key":"SneckoOil"}],"is_trial":false,"path_per_floor":["M","M","M","M","?","R","?","R","T","E","R","M","E","?","R","B"],"character_chosen":"IRONCLAD","items_purchased":[],"campfire_rested":0,"item_purchase_floors":[],"current_hp_per_floor":[65,64,67,63,63,63,58,58,58,40,40,39,13,43,43,0],"gold":260,"neow_bonus":"ONE_RANDOM_RARE_CARD","is_prod":false,"is_daily":false,"chose_seed":false,"campfire_upgraded":4,"win_rate":0,"timestamp":1653618074,"path_taken":["M","?","M","M","?","R","?","R","T","E","R","M","E","?","R","BOSS"],"build_version":"2022-03-07","purchased_purges":0,"victory":false,"max_hp_per_floor":[78,81,84,87,87,87,87,87,87,91,91,91,91,91,91,91],"card_choices":[{"not_picked":["Thunderclap","Headbutt"],"picked":"Spot Weakness","floor":1},{"not_picked":["Heavy Blade","Warcry"],"picked":"Uppercut","floor":2},{"not_picked":["Body Slam","Inflame"],"picked":"Anger","floor":3},{"not_picked":["Headbutt","Heavy Blade"],"picked":"True Grit","floor":4},{"not_picked":["Pommel Strike","Inflame"],"picked":"Shockwave","floor":10},{"not_picked":["Clothesline","Dual Wield","Warcry"],"picked":"SKIP","floor":12},{"not_picked":["Heavy Blade","Anger"],"picked":"Fire Breathing","floor":13}],"player_experience":1123782,"relics_obtained":[{"floor":9,"key":"Potion Belt"},{"floor":10,"key":"Bag of Marbles"},{"floor":13,"key":"Bag of Preparation"}],"event_choices":[{"damage_healed":0,"gold_gain":0,"player_choice":"Ignored","damage_taken":0,"max_hp_gain":0,"max_hp_loss":0,"event_name":"Liars Game","floor":5,"gold_loss":0},{"damage_healed":0,"gold_gain":0,"player_choice":"Success","damage_taken":5,"relics_obtained":["Juzu Bracelet"],"max_hp_gain":0,"max_hp_loss":0,"event_name":"Scrap Ooze","floor":7,"gold_loss":0},{"damage_healed":30,"gold_gain":0,"player_choice":"Banana","damage_taken":0,"max_hp_gain":0,"max_hp_loss":0,"event_name":"Big Fish","floor":14,"gold_loss":0}],"is_beta":false,"boss_relics":[],"items_purged_floors":[],"is_endless":false,"potions_floor_spawned":[3,4,10,12,13],"killed_by":"Slime Boss","ascension_level":20}