{"gold_per_floor":[114,124,224,224,224,224,257,269,269,269,281,308,273,292,292,366,366,377,377,302,302,149,149,164,182,206,217,217,22,22,42,42,42],"floor_reached":33,"playtime":1021,"items_purged":["Defend_B"],"score":510,"play_id":"47865f35-0b7b-4e48-9431-68758f211298","local_time":"20220525220813","is_ascension_mode":true,"campfire_choices":[{"data":"Zap","floor":6.0,"key":"SMITH"},{"floor":10,"key":"REST"},{"floor":15,"key":"REST"},{"floor":23,"key":"REST"},{"data":"Fission","floor":28,"key":"SMITH"},{"data":"Apotheosis","floor":32,"key":"SMITH"}],"neow_cost":"NONE","seed_source_timestamp":92808887409200,"circlet_count":0,"master_deck":["AscendersBane","Defend_B","Zap+1","Dualcast+1","Capacitor","Darkness+1","Doom and Gloom","Ball Lightning","Capacitor","Go for the Eyes","Glacier","Leap","Fission+1","Leap","Steam","Lockon","Self Repair","Redo+1","Glacier+1","Defragment","Apotheosis+1","Undo+1"],"special_seed":0,"relics":["Cracked Core","Juzu Bracelet","Bottled Lightning","Cables","War Paint","Empty Cage","Lantern"],"potions_floor_usage":[7,16,31,31],"damage_taken":[{"damage":15.0,"enemies":"2 Louse","floor":1.0,"turns":3.0},{"damage":1.0,"enemies":"Cultist","floor":2.0,"turns":3.0},{"damage":44,"enemies":"Gremlin Nob","floor":7,"turns":4},{"damage":2,"enemies":"Jaw Worm","floor":8,"turns":3},{"damage":7,"enemies":"Looter","floor":11,"turns":3},{"damage":29,"enemies":"Lagavulin","floor":12,"turns":8},{"damage":12,"enemies":"Exordium Thugs","floor":14,"turns":3},{"damage":21,"enemies":"The Guardian","floor":16,"turns":9},{"damage":32,"enemies":"2 Thieves","floor":18,"turns":5},{"damage":18,"enemies":"Shell Parasite","floor":24,"turns":5},{"damage":23,"enemies":"Centurion and Healer","floor":25,"turns":5},{"damage":1,"enemies":"Snake Plant","floor":27,"turns":7},{"damage":0,"enemies":"Shelled Parasite and Fungi","floor":31,"turns":4},{"damage":45,"enemies":"Collector","floor":33,"turns":6}],"seed_played":"6980719234524104488","potions_obtained":[{"floor":1.0,"key":"Strength Potion"},{"floor":2.0,"key":"PotionOfCapacity"},{"floor":12,"key":"Weak Potion"},{"floor":16,"key":"Energy Potion"},{"floor":27,"key":"PowerPotion"}],"is_trial":false,"path_per_floor":["M","M","?","?","?","R","E","M","T","R","M","E","?","M","R","B",null,"M","?","?","?","$","R","M","M","T","M","R","$","?","M","R","B"],"character_chosen":"DEFECT","items_purchased":["Self Repair","Apotheosis"],"campfire_rested":3,"item_purchase_floors":[22,29],"current_hp_per_floor":[49,48,48,48,71,71,27,25,25,46,39,10,27,15,36,15,57,25,25,25,25,25,46,35,19,19,25,25,25,5,15,15,0],"gold":42,"neow_bonus":"RANDOM_COMMON_RELIC","is_prod":false,"is_daily":false,"chose_seed":false,"campfire_upgraded":3,"win_rate":0,"timestamp":1653541693,"path_taken":["M","M","?","?","?","R","E","M","T","R","M","E","?","M","R","BOSS","M","?","?","?","$","R","M","M","T","M","R","$","?","M","R","BOSS"],"build_version":"2022-03-07","purchased_purges":1,"victory":false,"max_hp_per_floor":[71,71,71,71,71,71,71,71,71,71,71,71,71,71,71,71,71,71,71,71,71,71,71,71,71,71,71,71,71,76,76,76,76],"card_choices":[{"not_picked":["Rip and Tear","Turbo"],"picked":"Capacitor","floor":1.0},{"not_picked":["Capacitor","Redo"],"picked":"Darkness","floor":2.0},{"not_picked":["Scrape","Stack"],"picked":"Ball Lightning","floor":7},{"not_picked":["Hologram","Conserve Battery"],"picked":"Capacitor","floor":8},{"not_picked":["Leap","Consume"],"picked":"Go for the Eyes","floor":11},{"not_picked":["Conserve Battery","Heatsinks"],"picked":"Glacier","floor":12},{"not_picked":["Static Discharge","Barrage"],"picked":"Leap","floor":14},{"not_picked":["Seek","Meteor Strike"],"picked":"Fission","floor":16},{"not_picked":["Streamline","Stack"],"picked":"Leap","floor":18},{"not_picked":["Aggregate","Leap"],"picked":"Redo+1","floor":24},{"not_picked":["Sweeping Beam","Scrape"],"picked":"Glacier+1","floor":25},{"not_picked":["Steam+1","Rebound"],"picked":"Defragment","floor":27},{"not_picked":["Redo","Rebound"],"picked":"Undo+1","floor":31}],"player_experience":1122761,"relics_obtained":[{"floor":7,"key":"Bottled Lightning"},{"floor":9,"key":"Cables"},{"floor":12,"key":"War Paint"},{"floor":26,"key":"Lantern"}],"event_choices":[{"damage_healed":0.0,"max_hp_gain":0.0,"max_hp_loss":0.0,"gold_gain":100.0,"event_name":"Wheel of Change","player_choice":"Gold","floor":3.0,"gold_loss":0.0,"damage_taken":0.0},{"damage_healed":0.0,"max_hp_gain":0.0,"max_hp_loss":0.0,"gold_gain":0.0,"cards_transformed":["Strike_B"],"event_name":"Transmorgrifier","player_choice":"Transformed","floor":4.0,"gold_loss":0.0,"damage_taken":0.0,"cards_obtained":["Doom and Gloom"]},{"damage_healed":23.0,"max_hp_gain":0.0,"max_hp_loss":0.0,"gold_gain":0.0,"event_name":"Big Fish","player_choice":"Banana","floor":5.0,"gold_loss":0.0,"damage_taken":0.0},{"damage_healed":17,"gold_gain":0,"player_choice":"Healed","damage_taken":0,"max_hp_gain":0,"max_hp_loss":0,"event_name":"The Cleric","floor":13,"gold_loss":35},{"damage_healed":0,"gold_gain":0,"player_choice":"Ignored","damage_taken":0,"max_hp_gain":0,"max_hp_loss":0,"event_name":"The Mausoleum","floor":19,"gold_loss":0},{"cards_removed":["Strike_B"],"damage_healed":0,"gold_gain":0,"player_choice":"Gave Gold","damage_taken":0,"max_hp_gain":0,"max_hp_loss":0,"event_name":"Beggar","floor":20,"gold_loss":75},{"damage_healed":0,"gold_gain":0,"cards_transformed":["Defend_B","Defend_B"],"player_choice":"Became Test Subject","damage_taken":0,"max_hp_gain":0,"max_hp_loss":0,"event_name":"Drug Dealer","floor":21,"gold_loss":0,"cards_obtained":["Steam","Lockon"]},{"damage_healed":0,"gold_gain":0,"player_choice":"Shed Blood","damage_taken":25,"max_hp_gain":5,"max_hp_loss":0,"event_name":"Forgotten Altar","floor":30,"gold_loss":0}],"is_beta":false,"boss_relics":[{"not_picked":["Busted Crown","SacredBark"],"picked":"Empty Cage"}],"items_purged_floors":[22],"is_endless":false,"potions_floor_spawned":[1,2,12,16,18,27],"killed_by":"Collector","ascension_level":20}