{"gold_per_floor":[111,111,121,139,139,139,174,174,174,206,356,356,371,90,90,162,162,176,176,176,194,208,208,5,17,41,59,59],"floor_reached":28,"playtime":739,"items_purged":["Doubt","Pain"],"score":456,"play_id":"ce02d533-e58d-4223-9fc7-eab303eb937a","local_time":"20220521165806","is_ascension_mode":true,"campfire_choices":[{"floor":6.0,"key":"REST"},{"data":"Eruption","floor":8.0,"key":"SMITH"},{"data":"EmptyFist","floor":12.0,"key":"SMITH"},{"data":"Adaptation","floor":15.0,"key":"SMITH"},{"floor":23.0,"key":"REST"}],"neow_cost":"NONE","seed_source_timestamp":0,"circlet_count":0,"master_deck":["AscendersBane","Strike_P","Strike_P","Strike_P","Strike_P","Defend_P","Defend_P+1","Eruption+1","Vigilance","EmptyFist+1","FearNoEvil","WindmillStrike","Adaptation+1","Alpha+1","WaveOfTheHand+1","EmptyBody","TalkToTheHand","FlurryOfBlows","EmptyFist","ClearTheMind"],"special_seed":0,"relics":["PureWater","HornCleat","StrikeDummy","Pantograph","Letter Opener","Frozen Eye","Runic Pyramid","WarpedTongs","War Paint"],"potions_floor_usage":[],"damage_taken":[{"damage":2.0,"enemies":"Small Slimes","floor":1.0,"turns":3.0},{"damage":0.0,"enemies":"2 Louse","floor":3.0,"turns":2.0},{"damage":14.0,"enemies":"Jaw Worm","floor":4.0,"turns":4.0},{"damage":12.0,"enemies":"Lagavulin","floor":7.0,"turns":6.0},{"damage":2.0,"enemies":"Gremlin Nob","floor":10.0,"turns":3.0},{"damage":0.0,"enemies":"Blue Slaver","floor":13.0,"turns":1.0},{"damage":15.0,"enemies":"Hexaghost","floor":16.0,"turns":7.0},{"damage":20.0,"enemies":"3 Byrds","floor":18.0,"turns":5.0},{"damage":14.0,"enemies":"Chosen","floor":21.0,"turns":4.0},{"damage":6.0,"enemies":"Snecko","floor":22.0,"turns":3.0},{"damage":0.0,"enemies":"Sentry and Sphere","floor":25.0,"turns":3.0},{"damage":2.0,"enemies":"Snake Plant","floor":27.0,"turns":3.0},{"damage":0,"enemies":"Slavers","floor":28,"turns":1}],"seed_played":"-8762536843120767116","potions_obtained":[{"floor":3.0,"key":"Weak Potion"},{"floor":13.0,"key":"LiquidMemories"},{"floor":16.0,"key":"BottledMiracle"},{"floor":27.0,"key":"LiquidMemories"}],"is_trial":false,"path_per_floor":["M","?","M","M","?","R","E","R","T","E","?","R","M","$","R","B",null,"M","?","?","M","M","R","$","M","T","M","E"],"character_chosen":"WATCHER","items_purchased":["Adaptation","Frozen Eye","FlurryOfBlows","SteroidPotion"],"campfire_rested":2,"item_purchase_floors":[14,14,24,24],"current_hp_per_floor":[59,41,41,27,27,47,35,35,35,33,33,33,33,33,33,43,62,42,42,42,28,22,42,42,42,42,40,40],"gold":59,"neow_bonus":"REMOVE_CARD","is_prod":false,"is_daily":false,"chose_seed":false,"campfire_upgraded":3,"win_rate":0,"timestamp":1653177486,"path_taken":["M","?","M","M","?","R","E","R","T","E","?","R","M","$","R","BOSS","M","?","?","M","?","R","$","M","T","M","E"],"build_version":"2022-03-07","purchased_purges":2,"victory":false,"max_hp_per_floor":[68,68,68,68,68,68,68,68,68,68,68,68,68,68,68,68,68,68,68,68,68,68,68,68,68,68,68,68],"card_choices":[{"not_picked":["JustLucky","Evaluate"],"picked":"EmptyFist","floor":1.0},{"not_picked":["Pray","WreathOfFlame","Weave"],"picked":"SKIP","floor":3.0},{"not_picked":["PathToVictory","FlyingSleeves","ThirdEye"],"picked":"SKIP","floor":4.0},{"not_picked":["Swivel","Evaluate","PathToVictory"],"picked":"SKIP","floor":7.0},{"not_picked":["BowlingBash","DevaForm"],"picked":"WindmillStrike","floor":10.0},{"not_picked":["Prostrate","CutThroughFate","Weave"],"picked":"SKIP","floor":13.0},{"not_picked":["MasterReality","Brilliance"],"picked":"Alpha","floor":16.0},{"not_picked":["Nirvana","Prostrate"],"picked":"WaveOfTheHand+1","floor":18.0},{"not_picked":["SashWhip","Vengeance"],"picked":"EmptyBody","floor":21.0},{"not_picked":["FollowUp","Evaluate"],"picked":"TalkToTheHand","floor":22.0},{"not_picked":["ThirdEye","Protect+1"],"picked":"EmptyFist","floor":25.0},{"not_picked":["FollowUp","Consecrate"],"picked":"ClearTheMind","floor":27.0}],"player_experience":1104585,"relics_obtained":[{"floor":7.0,"key":"StrikeDummy"},{"floor":9.0,"key":"Pantograph"},{"floor":10.0,"key":"Letter Opener"},{"floor":26.0,"key":"War Paint"}],"event_choices":[{"damage_healed":0.0,"max_hp_gain":0.0,"max_hp_loss":0.0,"gold_gain":0.0,"event_name":"Scrap Ooze","player_choice":"Success","floor":2.0,"gold_loss":0.0,"damage_taken":18.0,"relics_obtained":["HornCleat"]},{"damage_healed":0.0,"max_hp_gain":0.0,"max_hp_loss":0.0,"gold_gain":0.0,"cards_transformed":["Defend_P"],"event_name":"Living Wall","player_choice":"Change","floor":5.0,"gold_loss":0.0,"damage_taken":0.0,"cards_obtained":["FearNoEvil"]},{"damage_healed":0.0,"max_hp_gain":0.0,"max_hp_loss":0.0,"gold_gain":150.0,"event_name":"Liars Game","player_choice":"AGREE","floor":11.0,"gold_loss":0.0,"damage_taken":0.0,"cards_obtained":["Doubt"]},{"damage_healed":0.0,"max_hp_gain":0.0,"max_hp_loss":0.0,"gold_gain":0.0,"event_name":"The Mausoleum","player_choice":"Ignored","floor":19.0,"gold_loss":0.0,"damage_taken":0.0},{"damage_healed":0.0,"max_hp_gain":0.0,"max_hp_loss":0.0,"gold_gain":0.0,"event_name":"Accursed Blacksmith","player_choice":"Rummage","floor":20.0,"gold_loss":0.0,"damage_taken":0.0,"relics_obtained":["WarpedTongs"],"cards_obtained":["Pain"]}],"is_beta":false,"boss_relics":[{"not_picked":["Pandora\u0027s Box","Runic Dome"],"picked":"Runic Pyramid"}],"items_purged_floors":[14,24],"is_endless":false,"potions_floor_spawned":[3,13,16,27],"killed_by":"Slavers","ascension_level":20}