{"gold_per_floor":[114,132,132,57,71,97,97,124,205,237,249,276,286,309,309,388,388,399,399,75,91,91,124,124,157,157,188,138,138,165,177,177,251,251,264,279,297,297,311,343,85,114,114,132,132,167,183,195,195,195,195,195,195,64,89,89],"floor_reached":57,"playtime":3473,"items_purged":["Defend_P","Defend_P","Strike_P+1","Strike_P+1","Strike_P+1"],"score":3375,"play_id":"88170bb3-e96a-427b-ac5b-beb4fe41b449","local_time":"20220526225445","is_ascension_mode":true,"campfire_choices":[{"data":"Eruption","floor":7.0,"key":"SMITH"},{"floor":15.0,"key":"REST"},{"floor":24.0,"key":"REST"},{"floor":29.0,"key":"REST"},{"floor":32.0,"key":"RECALL"},{"data":"MentalFortress","floor":45.0,"key":"SMITH"},{"data":"Tantrum","floor":49.0,"key":"SMITH"},{"floor":53.0,"key":"REST"}],"neow_cost":"PERCENT_DAMAGE","seed_source_timestamp":179451104618400,"circlet_count":0,"master_deck":["AscendersBane","Strike_P+1","Eruption+1","Vigilance+1","WheelKick+1","LessonLearned+1","EmptyFist+1","DeusExMachina+1","FollowUp+1","CutThroughFate+1","Adaptation+1","Halt+1","Indignation+1","Scrawl+1","EmptyFist+1","Meditate+1","DeusExMachina+1","CutThroughFate+1","Vault+1","DeceiveReality+1","FlurryOfBlows+1","MentalFortress+1","Tantrum+1"],"special_seed":0,"relics":["PureWater","GoldenEye","Tiny Chest","Matryoshka","MealTicket","Yang","Toy Ornithopter","Centennial Puzzle","Black Star","Medical Kit","Nilry\u0027s Codex","Smiling Mask","Bottled Flame","Vajra","Nunchaku","Ancient Tea Set","Anchor","Calipers","Juzu Bracelet","Pear","VioletLotus","Blood Vial","StoneCalendar","Ice Cream","Membership Card","Frozen Egg 2","Darkstone Periapt","Singing Bowl","Bag of Marbles","Kunai","PrismaticShard","Damaru","Shuriken"],"potions_floor_usage":[56,56],"damage_taken":[{"damage":0.0,"enemies":"Small Slimes","floor":1.0,"turns":2.0},{"damage":2.0,"enemies":"Jaw Worm","floor":2.0,"turns":2.0},{"damage":0.0,"enemies":"Cultist","floor":5.0,"turns":2.0},{"damage":0.0,"enemies":"Lagavulin","floor":6.0,"turns":4.0},{"damage":10.0,"enemies":"3 Sentries","floor":8.0,"turns":3.0},{"damage":0.0,"enemies":"Gremlin Nob","floor":10.0,"turns":2.0},{"damage":9.0,"enemies":"3 Louse","floor":11.0,"turns":3.0},{"damage":10.0,"enemies":"3 Sentries","floor":12.0,"turns":5.0},{"damage":8.0,"enemies":"Blue Slaver","floor":13.0,"turns":2.0},{"damage":6.0,"enemies":"Hexaghost","floor":16.0,"turns":7.0},{"damage":10.0,"enemies":"Shell Parasite","floor":18.0,"turns":2.0},{"damage":7.0,"enemies":"3 Byrds","floor":21.0,"turns":5.0},{"damage":30.0,"enemies":"Slavers","floor":23.0,"turns":4.0},{"damage":0.0,"enemies":"Gremlin Leader","floor":25.0,"turns":3.0},{"damage":15.0,"enemies":"Slavers","floor":27.0,"turns":3.0},{"damage":0.0,"enemies":"Gremlin Leader","floor":30.0,"turns":1.0},{"damage":0.0,"enemies":"3 Cultists","floor":31.0,"turns":3.0},{"damage":1.0,"enemies":"Champ","floor":33.0,"turns":4.0},{"damage":0.0,"enemies":"3 Darklings","floor":35.0,"turns":2.0},{"damage":0.0,"enemies":"Orb Walker","floor":36.0,"turns":2.0},{"damage":0.0,"enemies":"Jaw Worm Horde","floor":37.0,"turns":3.0},{"damage":0.0,"enemies":"Sphere and 2 Shapes","floor":39.0,"turns":3.0},{"damage":0.0,"enemies":"Reptomancer","floor":40.0,"turns":2.0},{"damage":0.0,"enemies":"Nemesis","floor":42.0,"turns":4.0},{"damage":0.0,"enemies":"Spire Growth","floor":44.0,"turns":2.0},{"damage":0.0,"enemies":"Reptomancer","floor":46.0,"turns":2.0},{"damage":0.0,"enemies":"3 Darklings","floor":47.0,"turns":3.0},{"damage":0.0,"enemies":"Sphere and 2 Shapes","floor":48.0,"turns":2.0},{"damage":0.0,"enemies":"Donu and Deca","floor":50.0,"turns":4.0},{"damage":19.0,"enemies":"Awakened One","floor":51.0,"turns":7.0},{"damage":14,"enemies":"Shield and Spear","floor":55,"turns":2},{"damage":45,"enemies":"The Heart","floor":56,"turns":5}],"seed_played":"-471456467448063089","potions_obtained":[{"floor":5.0,"key":"AttackPotion"},{"floor":8.0,"key":"Strength Potion"},{"floor":21.0,"key":"SteroidPotion"},{"floor":25.0,"key":"Strength Potion"},{"floor":31.0,"key":"Block Potion"},{"floor":46.0,"key":"CultistPotion"},{"floor":47.0,"key":"PowerPotion"}],"is_trial":false,"path_per_floor":["M","M","?","$","M","E","R","E","T","E","M","E","M","T","R","B",null,"M","?","$","M","?","E","R","E","T","E","$","R","E","M","R","B",null,"M","M","M","T","M","E","$","E","T","M","R","E","M","M","R","B","B",null,"R","$","E","B",null],"character_chosen":"WATCHER","items_purchased":["Swift Potion","Medical Kit","Membership Card","MentalFortress","PrismaticShard"],"campfire_rested":4,"item_purchase_floors":[20,20,41,41,54],"current_hp_per_floor":[43,41,63,63,63,63,63,53,53,53,44,34,26,26,46,40,61,56,56,68,61,40,15,35,35,35,20,35,55,70,70,70,69,76,76,76,76,76,78,78,78,78,78,80,80,82,84,84,84,84,65,79,84,84,72,39],"gold":89,"neow_bonus":"TRANSFORM_TWO_CARDS","is_prod":false,"is_daily":false,"chose_seed":false,"campfire_upgraded":3,"win_rate":0,"timestamp":1653630885,"path_taken":["M","M","?","$","M","E","R","E","T","E","M","E","M","?","R","BOSS","M","?","$","M","?","E","R","E","T","E","$","R","E","M","R","BOSS","M","M","M","?","M","E","$","E","T","M","R","E","M","M","R","BOSS","BOSS","R","$","E","BOSS"],"build_version":"2022-03-07","purchased_purges":5,"victory":true,"max_hp_per_floor":[68,68,68,68,68,68,68,68,68,68,68,68,68,68,68,68,68,68,68,68,68,68,68,68,68,68,68,68,68,78,78,78,78,78,78,78,78,78,78,78,78,78,78,80,80,82,84,84,84,84,84,84,84,84,86,86],"card_choices":[{"not_picked":["CutThroughFate","Evaluate"],"picked":"EmptyFist","floor":1.0},{"not_picked":["Evaluate","Crescendo"],"picked":"DeusExMachina","floor":2.0},{"not_picked":["Wireheading","Consecrate"],"picked":"FollowUp","floor":5.0},{"not_picked":["CrushJoints","WreathOfFlame"],"picked":"CutThroughFate","floor":6.0},{"not_picked":["FlyingSleeves","EmptyFist"],"picked":"Adaptation","floor":8.0},{"not_picked":["FlyingSleeves","ReachHeaven"],"picked":"Halt","floor":10.0},{"not_picked":["PathToVictory","Consecrate","WindmillStrike"],"picked":"SKIP","floor":11.0},{"not_picked":["WaveOfTheHand","Evaluate","ThirdEye"],"picked":"SKIP","floor":12.0},{"not_picked":["ClearTheMind","Vengeance"],"picked":"Indignation","floor":13.0},{"not_picked":["MasterReality","Omniscience"],"picked":"Scrawl","floor":16.0},{"not_picked":["Crescendo","ThirdEye"],"picked":"EmptyFist","floor":18.0},{"not_picked":["WreathOfFlame","Conclude","Protect"],"picked":"SKIP","floor":21.0},{"not_picked":["CutThroughFate","CrushJoints"],"picked":"DeusExMachina","floor":23.0},{"not_picked":["Swivel","Worship","Sanctity"],"picked":"SKIP","floor":25.0},{"not_picked":["WreathOfFlame","WindmillStrike","Prostrate"],"picked":"SKIP","floor":27.0},{"not_picked":["Halt","Consecrate"],"picked":"CutThroughFate","floor":30.0},{"not_picked":["Consecrate","SashWhip","BowlingBash+1"],"picked":"SKIP","floor":31.0},{"not_picked":["LessonLearned","Omniscience"],"picked":"Vault","floor":33.0},{"not_picked":["Evaluate","Nirvana","ReachHeaven"],"picked":"SKIP","floor":35.0},{"not_picked":["Indignation","Consecrate","Study"],"picked":"SKIP","floor":36.0},{"not_picked":["PathToVictory","ForeignInfluence+1"],"picked":"DeceiveReality+1","floor":37.0},{"not_picked":["BowlingBash","Worship","Prostrate+1"],"picked":"SKIP","floor":39.0},{"not_picked":["Perseverance","LikeWater"],"picked":"FlurryOfBlows","floor":40.0},{"not_picked":["EmptyFist","EmptyBody","Worship"],"picked":"SKIP","floor":42.0},{"not_picked":["ThirdEye+1","Worship","FollowUp"],"picked":"Singing Bowl","floor":44.0},{"not_picked":["CrushJoints","Crescendo","Judgement"],"picked":"Singing Bowl","floor":46.0},{"not_picked":["Protect","FlyingSleeves","Consecrate+1"],"picked":"Singing Bowl","floor":47.0},{"not_picked":["Prostrate","FlyingSleeves"],"picked":"Tantrum","floor":48.0},{"not_picked":["Clash+1","Heavy Blade","Concentrate"],"picked":"Singing Bowl","floor":55}],"player_experience":1125466,"relics_obtained":[{"floor":6.0,"key":"GoldenEye"},{"floor":8.0,"key":"Tiny Chest"},{"floor":9.0,"key":"Matryoshka"},{"floor":10.0,"key":"MealTicket"},{"floor":12.0,"key":"Yang"},{"floor":14.0,"key":"Toy Ornithopter"},{"floor":14.0,"key":"Centennial Puzzle"},{"floor":22.0,"key":"Nilry\u0027s Codex"},{"floor":23.0,"key":"Smiling Mask"},{"floor":23.0,"key":"Bottled Flame"},{"floor":25.0,"key":"Vajra"},{"floor":25.0,"key":"Nunchaku"},{"floor":26.0,"key":"Ancient Tea Set"},{"floor":27.0,"key":"Anchor"},{"floor":27.0,"key":"Calipers"},{"floor":30.0,"key":"Juzu Bracelet"},{"floor":30.0,"key":"Pear"},{"floor":38.0,"key":"Blood Vial"},{"floor":40.0,"key":"StoneCalendar"},{"floor":40.0,"key":"Ice Cream"},{"floor":42.0,"key":"Frozen Egg 2"},{"floor":42.0,"key":"Darkstone Periapt"},{"floor":43.0,"key":"Singing Bowl"},{"floor":46.0,"key":"Bag of Marbles"},{"floor":46.0,"key":"Kunai"},{"floor":55,"key":"Damaru"},{"floor":55,"key":"Shuriken"}],"event_choices":[{"damage_healed":22.0,"max_hp_gain":0.0,"max_hp_loss":0.0,"gold_gain":0.0,"event_name":"Big Fish","player_choice":"Banana","floor":3.0,"gold_loss":0.0,"damage_taken":0.0},{"damage_healed":0.0,"max_hp_gain":0.0,"max_hp_loss":0.0,"gold_gain":0.0,"event_name":"The Library","player_choice":"Read","floor":19.0,"gold_loss":0.0,"damage_taken":0.0,"cards_obtained":["Meditate"]},{"damage_healed":0.0,"max_hp_gain":0.0,"max_hp_loss":0.0,"gold_gain":0.0,"event_name":"Cursed Tome","player_choice":"Obtained Book","floor":22.0,"gold_loss":0.0,"damage_taken":21.0}],"is_beta":false,"boss_relics":[{"not_picked":["Velvet Choker","Pandora\u0027s Box"],"picked":"Black Star"},{"not_picked":["SlaversCollar","Runic Pyramid"],"picked":"VioletLotus"}],"items_purged_floors":[4,20,28,41,54],"is_endless":false,"potions_floor_spawned":[5,8,13,16,21,25,31,39,42,44,46,47],"ascension_level":20}