{"gold_per_floor":[113,113,133,21,31,66,66,92,144,69,96,109,159,191,191,264,264,280,300,310,69,69,69,103,103,127,155,166,176,207,235,235,310,310,330,41,263,276,287,315,315,335,415,448,194,194,227,240,240,240,240,240,240,30,64,64],"floor_reached":57,"playtime":2927,"items_purged":["Pain","Defend_P+1","Strike_P+1","Strike_P+1"],"score":3506,"play_id":"b0e06074-f041-42b0-aa86-c9c500deaebf","local_time":"20220528112027","is_ascension_mode":true,"campfire_choices":[{"data":"Eruption","floor":7.0,"key":"SMITH"},{"data":"TalkToTheHand","floor":15.0,"key":"SMITH"},{"data":"Adaptation","floor":23.0,"key":"SMITH"},{"data":"TalkToTheHand","floor":25.0,"key":"SMITH"},{"floor":32,"key":"REST"},{"floor":46,"key":"REST"},{"floor":49,"key":"RECALL"},{"data":"EmptyMind","floor":53,"key":"SMITH"}],"neow_cost":"NONE","seed_source_timestamp":22888719375700,"circlet_count":0,"master_deck":["AscendersBane","Eruption+1","Vigilance+1","SashWhip+1","EmptyFist+1","TalkToTheHand+1","Adaptation+1","InnerPeace+1","Tantrum+1","ClearTheMind+1","LessonLearned+1","MentalFortress+1","FlurryOfBlows+1","TalkToTheHand+1","Vault+1","FlurryOfBlows+1","TalkToTheHand+1","Scrawl+1","Vault+1","Adaptation+1","EmptyMind+1","InnerPeace"],"special_seed":0,"relics":["HolyWater","WarpedTongs","Gremlin Horn","Bag of Marbles","Potion Belt","War Paint","The Courier","Empty Cage","OrangePellets","Akabeko","Vajra","Red Mask","Shuriken","Unceasing Top","Blue Candle","PreservedInsect","Pen Nib","Peace Pipe","TeardropLocket","Strawberry"],"potions_floor_usage":[35,50,56,56,56,56,56,56,56],"damage_taken":[{"damage":8.0,"enemies":"Small Slimes","floor":1.0,"turns":4.0},{"damage":2.0,"enemies":"Cultist","floor":3.0,"turns":2.0},{"damage":4.0,"enemies":"2 Louse","floor":5.0,"turns":4.0},{"damage":0.0,"enemies":"Lagavulin","floor":6.0,"turns":5.0},{"damage":7.0,"enemies":"3 Sentries","floor":8.0,"turns":3.0},{"damage":10.0,"enemies":"Gremlin Nob","floor":11.0,"turns":3.0},{"damage":0.0,"enemies":"Red Slaver","floor":12.0,"turns":1.0},{"damage":2.0,"enemies":"Lagavulin","floor":14.0,"turns":5.0},{"damage":5.0,"enemies":"The Guardian","floor":16.0,"turns":6.0},{"damage":17.0,"enemies":"Shell Parasite","floor":18.0,"turns":3.0},{"damage":0.0,"enemies":"Chosen","floor":19.0,"turns":3.0},{"damage":0.0,"enemies":"Centurion and Healer","floor":20.0,"turns":3.0},{"damage":0.0,"enemies":"Gremlin Leader","floor":24.0,"turns":6.0},{"damage":8.0,"enemies":"Slavers","floor":27.0,"turns":3.0},{"damage":0.0,"enemies":"Snake Plant","floor":28.0,"turns":1.0},{"damage":3,"enemies":"Snecko","floor":29,"turns":5},{"damage":0,"enemies":"Masked Bandits","floor":30,"turns":2},{"damage":15,"enemies":"Book of Stabbing","floor":31,"turns":5},{"damage":0,"enemies":"Collector","floor":33,"turns":4},{"damage":8,"enemies":"3 Shapes","floor":35,"turns":3},{"damage":0,"enemies":"3 Darklings","floor":38,"turns":3},{"damage":0,"enemies":"Jaw Worm Horde","floor":39,"turns":1},{"damage":13,"enemies":"Nemesis","floor":40,"turns":9},{"damage":0,"enemies":"Maw","floor":42,"turns":4},{"damage":0,"enemies":"Reptomancer","floor":44,"turns":3},{"damage":0,"enemies":"Nemesis","floor":47,"turns":4},{"damage":0,"enemies":"Spire Growth","floor":48,"turns":2},{"damage":0,"enemies":"Donu and Deca","floor":50,"turns":5},{"damage":0,"enemies":"Awakened One","floor":51,"turns":4},{"damage":0,"enemies":"Shield and Spear","floor":55,"turns":1},{"damage":21,"enemies":"The Heart","floor":56,"turns":8}],"seed_played":"-3743130357446204918","potions_obtained":[{"floor":3.0,"key":"Weak Potion"},{"floor":11.0,"key":"FairyPotion"},{"floor":12.0,"key":"LiquidBronze"},{"floor":19.0,"key":"BlessingOfTheForge"},{"floor":28.0,"key":"Fire Potion"},{"floor":31,"key":"GamblersBrew"},{"floor":38,"key":"BlessingOfTheForge"},{"floor":39,"key":"Weak Potion"},{"floor":47,"key":"EntropicBrew"},{"floor":55,"key":"LiquidMemories"}],"is_trial":false,"path_per_floor":["M","?","M","$","M","E","R","E","T","?","E","M","?","E","R","B",null,"M","M","M","$","?","R","E","R","T","E","M","M","?","E","R","B",null,"M","$","?","M","M","E","?","M","T","E","$","R","E","M","R","B","B",null,"R","$","E","B",null],"character_chosen":"WATCHER","items_purchased":["TalkToTheHand","OrangePellets","TalkToTheHand","Adaptation","EmptyMind","InnerPeace","Pen Nib","TeardropLocket"],"campfire_rested":2,"item_purchase_floors":[4,21,21,36,36,36,45,54],"current_hp_per_floor":[53,53,51,51,47,47,47,40,40,40,30,30,30,28,28,23,57,40,40,40,40,40,40,40,40,40,32,32,29,29,14,34,34,60,52,52,52,52,52,39,29,29,29,29,29,49,49,49,49,49,49,63,63,63,70,49],"gold":64,"neow_bonus":"REMOVE_CARD","is_prod":false,"is_daily":false,"chose_seed":false,"campfire_upgraded":5,"win_rate":0,"timestamp":1653762027,"path_taken":["M","?","?","$","M","E","R","E","T","?","E","M","?","E","R","BOSS","M","M","M","$","?","R","E","R","T","E","M","M","?","E","R","BOSS","M","$","?","M","M","E","?","M","T","E","$","R","E","M","R","BOSS","BOSS","R","$","E","BOSS"],"build_version":"2022-03-07","purchased_purges":4,"victory":true,"max_hp_per_floor":[68,68,68,68,68,68,68,68,68,68,68,68,68,68,68,68,68,68,68,68,68,68,68,68,68,68,68,68,68,68,68,68,68,68,68,68,68,68,68,68,68,68,68,68,68,68,68,68,68,68,68,68,68,68,75,75],"card_choices":[{"not_picked":["ThirdEye","Halt"],"picked":"SashWhip","floor":1.0},{"not_picked":["ForeignInfluence","Halt"],"picked":"EmptyFist","floor":3.0},{"not_picked":["FearNoEvil","CrushJoints"],"picked":"Adaptation","floor":5.0},{"not_picked":["Wireheading","CutThroughFate"],"picked":"InnerPeace","floor":6.0},{"not_picked":["Evaluate","Alpha","Protect"],"picked":"SKIP","floor":8.0},{"not_picked":["JustLucky","Halt"],"picked":"Tantrum","floor":11.0},{"not_picked":["EmptyBody","JustLucky"],"picked":"ClearTheMind","floor":12.0},{"not_picked":["Devotion","Fasting2","SandsOfTime"],"picked":"SKIP","floor":14.0},{"not_picked":["Brilliance","Vault"],"picked":"LessonLearned","floor":16.0},{"not_picked":["BowlingBash","Vengeance"],"picked":"MentalFortress","floor":18.0},{"not_picked":["Fasting2","PathToVictory"],"picked":"FlurryOfBlows","floor":19.0},{"not_picked":["PathToVictory","Swivel","SashWhip"],"picked":"SKIP","floor":20.0},{"not_picked":["JustLucky","Halt+1"],"picked":"Vault","floor":24.0},{"not_picked":["FollowUp","ThirdEye"],"picked":"FlurryOfBlows","floor":27.0},{"not_picked":["Consecrate+1","Protect+1","Study+1"],"picked":"SKIP","floor":28.0},{"not_picked":["Weave","Evaluate","ForeignInfluence"],"picked":"SKIP","floor":29},{"not_picked":["EmptyFist","Evaluate+1"],"picked":"TalkToTheHand","floor":30},{"not_picked":["PathToVictory","FlurryOfBlows"],"picked":"Scrawl","floor":31},{"not_picked":["Devotion","Brilliance"],"picked":"Vault","floor":33},{"not_picked":["CrushJoints","Weave","EmptyFist"],"picked":"SKIP","floor":35},{"not_picked":["LikeWater","CarveReality+1","ThirdEye+1"],"picked":"SKIP","floor":38},{"not_picked":["JustLucky","ReachHeaven","CutThroughFate+1"],"picked":"SKIP","floor":39},{"not_picked":["Halt","Swivel","Crescendo"],"picked":"SKIP","floor":40},{"not_picked":["FlurryOfBlows","ThirdEye","EmptyFist"],"picked":"SKIP","floor":42},{"not_picked":["CutThroughFate","JustLucky","Meditate"],"picked":"SKIP","floor":44},{"not_picked":["Consecrate","Adaptation","CrushJoints"],"picked":"SKIP","floor":47},{"not_picked":["Indignation","SashWhip+1","CrushJoints"],"picked":"SKIP","floor":48},{"not_picked":["SpiritShield","CutThroughFate","FollowUp"],"picked":"SKIP","floor":55}],"player_experience":1130616,"relics_obtained":[{"floor":6.0,"key":"Gremlin Horn"},{"floor":8.0,"key":"Bag of Marbles"},{"floor":9.0,"key":"Potion Belt"},{"floor":11.0,"key":"War Paint"},{"floor":14.0,"key":"The Courier"},{"floor":24.0,"key":"Akabeko"},{"floor":27.0,"key":"Vajra"},{"floor":30,"key":"Red Mask"},{"floor":31,"key":"Shuriken"},{"floor":40,"key":"Unceasing Top"},{"floor":43,"key":"Blue Candle"},{"floor":44,"key":"PreservedInsect"},{"floor":47,"key":"Peace Pipe"},{"floor":55,"key":"Strawberry"}],"event_choices":[{"damage_healed":0.0,"max_hp_gain":0.0,"max_hp_loss":0.0,"gold_gain":0.0,"event_name":"Accursed Blacksmith","player_choice":"Rummage","floor":2.0,"gold_loss":0.0,"damage_taken":0.0,"relics_obtained":["WarpedTongs"],"cards_obtained":["Pain"]},{"cards_removed":["Defend_P"],"damage_healed":0.0,"max_hp_gain":0.0,"max_hp_loss":0.0,"gold_gain":0.0,"event_name":"The Cleric","player_choice":"Card Removal","floor":10.0,"gold_loss":75.0,"damage_taken":0.0},{"damage_healed":0.0,"max_hp_gain":0.0,"max_hp_loss":0.0,"gold_gain":50.0,"event_name":"Golden Shrine","player_choice":"Pray","floor":13.0,"gold_loss":0.0,"damage_taken":0.0},{"cards_removed":["Strike_P"],"damage_healed":0.0,"max_hp_gain":0.0,"max_hp_loss":0.0,"gold_gain":0.0,"event_name":"Back to Basics","player_choice":"Elegance","floor":22.0,"gold_loss":0.0,"damage_taken":0.0},{"damage_healed":0,"gold_gain":0,"player_choice":"Fought Bandits","damage_taken":0,"max_hp_gain":0,"max_hp_loss":0,"event_name":"Masked Bandits","floor":30,"gold_loss":0},{"damage_healed":0,"gold_gain":222,"player_choice":"Wore Mask","damage_taken":0,"max_hp_gain":0,"max_hp_loss":0,"event_name":"Tomb of Lord Red Mask","floor":37,"gold_loss":0},{"damage_healed":0,"gold_gain":0,"player_choice":"Damaged","damage_taken":10,"max_hp_gain":0,"max_hp_loss":0,"event_name":"Wheel of Change","floor":41,"gold_loss":0}],"is_beta":false,"boss_relics":[{"not_picked":["Ectoplasm","Calling Bell"],"picked":"Empty Cage"},{"not_picked":["Coffee Dripper","Velvet Choker"],"picked":"HolyWater"}],"items_purged_floors":[4,21,36,45],"is_endless":false,"potions_floor_spawned":[3,11,12,19,28,31,38,39,47,48,55],"ascension_level":20}