{"gold_per_floor":[110,110,121,141,141,170,170,15,39,77,135,147,159],"floor_reached":13,"playtime":326,"items_purged":["Strike_R"],"score":182,"play_id":"10d98d13-4871-47de-9179-baca2e85578f","local_time":"20220523121455","is_ascension_mode":true,"campfire_choices":[{"data":"Body Slam","floor":7,"key":"SMITH"}],"neow_cost":"NONE","seed_source_timestamp":972946965375200,"circlet_count":0,"master_deck":["AscendersBane","Strike_R","Strike_R","Strike_R","Strike_R","Defend_R","Defend_R+1","Defend_R+1","Defend_R","Bash","Disarm","Body Slam+1","Metallicize","True Grit","Fiend Fire"],"relics":["Burning Blood","NeowsBlessing","War Paint","Pear","MawBank","Juzu Bracelet","Ancient Tea Set"],"potions_floor_usage":[6,10,13],"damage_taken":[{"damage":0,"enemies":"Jaw Worm","floor":1,"turns":1},{"damage":0,"enemies":"Small Slimes","floor":3,"turns":1},{"damage":0,"enemies":"Cultist","floor":4,"turns":1},{"damage":27,"enemies":"3 Sentries","floor":6,"turns":13},{"damage":21,"enemies":"Lagavulin","floor":10,"turns":8},{"damage":47,"enemies":"Gremlin Nob","floor":13,"turns":4}],"seed_played":"-4996860609839684222","potions_obtained":[{"floor":3,"key":"Energy Potion"},{"floor":6,"key":"Swift Potion"},{"floor":10,"key":"LiquidBronze"}],"is_trial":false,"path_per_floor":["M","?","M","M","?","E","R","$","T","E","T","?","E"],"character_chosen":"IRONCLAD","items_purchased":["Fiend Fire"],"campfire_rested":0,"item_purchase_floors":[8],"current_hp_per_floor":[74,39,45,51,56,45,45,45,45,30,30,30,0],"gold":159,"neow_bonus":"THREE_ENEMY_KILL","is_prod":false,"is_daily":false,"chose_seed":false,"campfire_upgraded":1,"win_rate":0,"timestamp":1653333295,"path_taken":["M","?","M","M","?","E","R","?","T","E","?","?","E"],"build_version":"2022-03-07","purchased_purges":1,"victory":false,"max_hp_per_floor":[75,75,75,75,80,90,90,90,90,90,90,90,90],"card_choices":[{"not_picked":["Body Slam","Fire Breathing"],"picked":"Disarm","floor":1},{"not_picked":["Intimidate","Flex"],"picked":"Body Slam","floor":3},{"not_picked":["Clash","Thunderclap"],"picked":"Metallicize","floor":4},{"not_picked":["Heavy Blade","Spot Weakness"],"picked":"True Grit","floor":6},{"not_picked":["Thunderclap","Rampage","Wild Strike"],"picked":"SKIP","floor":10}],"player_experience":1106279,"relics_obtained":[{"floor":6,"key":"Pear"},{"floor":9,"key":"MawBank"},{"floor":10,"key":"Juzu Bracelet"},{"floor":11,"key":"Ancient Tea Set"}],"event_choices":[{"damage_healed":0,"gold_gain":0,"player_choice":"Success","damage_taken":35,"relics_obtained":["War Paint"],"max_hp_gain":0,"max_hp_loss":0,"event_name":"Scrap Ooze","floor":2,"gold_loss":0},{"damage_healed":0,"gold_gain":0,"player_choice":"Donut","damage_taken":0,"max_hp_gain":5,"max_hp_loss":0,"event_name":"Big Fish","floor":5,"gold_loss":0},{"damage_healed":0,"gold_gain":0,"player_choice":"Ignored","damage_taken":0,"max_hp_gain":0,"max_hp_loss":0,"event_name":"Shining Light","floor":12,"gold_loss":0}],"is_beta":false,"boss_relics":[],"items_purged_floors":[8],"is_endless":false,"potions_floor_spawned":[3,6,10],"killed_by":"Gremlin Nob","ascension_level":20}