{"gold_per_floor":[117,117,130,146,146,173,173,203,203,203,203],"floor_reached":11,"playtime":219,"items_purged":[],"score":162,"play_id":"3c2c8885-9be4-4b2a-8ba8-ed7ad15a8c6e","local_time":"20220521190204","is_ascension_mode":true,"campfire_choices":[{"data":"Combust","floor":7,"key":"SMITH"}],"neow_cost":"NONE","seed_source_timestamp":824671666418800,"circlet_count":0,"master_deck":["AscendersBane","Strike_R","Strike_R","Strike_R","Strike_R","Defend_R","Defend_R","Defend_R","Defend_R","Bash+1","Battle Trance","Anger","Dropkick","Combust+1"],"relics":["Burning Blood","NeowsBlessing","Singing Bowl","Pen Nib","Sundial","InkBottle"],"potions_floor_usage":[6,8],"damage_taken":[{"damage":0,"enemies":"Small Slimes","floor":1,"turns":1},{"damage":0,"enemies":"Cultist","floor":3,"turns":1},{"damage":0,"enemies":"2 Louse","floor":4,"turns":1},{"damage":32,"enemies":"Lagavulin","floor":6,"turns":4},{"damage":25,"enemies":"3 Sentries","floor":8,"turns":6},{"damage":32,"enemies":"Lagavulin","floor":11,"turns":4}],"seed_played":"-7591838037371053038","potions_obtained":[{"floor":1,"key":"SteroidPotion"},{"floor":4,"key":"SpeedPotion"}],"is_trial":false,"path_per_floor":["M","?","M","M","?","E","R","E","T","?","E"],"character_chosen":"IRONCLAD","items_purchased":[],"campfire_rested":0,"item_purchase_floors":[],"current_hp_per_floor":[74,74,75,75,75,51,51,34,34,29,0],"gold":203,"neow_bonus":"THREE_ENEMY_KILL","is_prod":false,"is_daily":false,"chose_seed":false,"campfire_upgraded":1,"win_rate":0,"timestamp":1653184924,"path_taken":["M","?","?","?","?","E","R","E","T","?","E"],"build_version":"2022-03-07","purchased_purges":0,"victory":false,"max_hp_per_floor":[75,75,75,75,75,77,77,79,79,79,79],"card_choices":[{"not_picked":["Clothesline","Hemokinesis"],"picked":"Battle Trance","floor":1},{"not_picked":["Cleave","Perfected Strike"],"picked":"Anger","floor":3},{"not_picked":["Clash","Flex"],"picked":"Dropkick","floor":4},{"not_picked":["Flex","Shrug It Off","Cleave"],"picked":"Singing Bowl","floor":6},{"not_picked":["Sentinel","Infernal Blade","Sword Boomerang"],"picked":"Singing Bowl","floor":8}],"player_experience":1105602,"relics_obtained":[{"floor":6,"key":"Singing Bowl"},{"floor":8,"key":"Pen Nib"},{"floor":9,"key":"Sundial"}],"event_choices":[{"damage_healed":0,"gold_gain":0,"player_choice":"Upgraded","damage_taken":0,"max_hp_gain":0,"max_hp_loss":0,"event_name":"Upgrade Shrine","floor":2,"gold_loss":0,"cards_upgraded":["Bash"]},{"damage_healed":0,"gold_gain":0,"cards_transformed":["Strike_R"],"player_choice":"Change","damage_taken":0,"max_hp_gain":0,"max_hp_loss":0,"event_name":"Living Wall","floor":5,"gold_loss":0,"cards_obtained":["Combust"]},{"damage_healed":0,"gold_gain":0,"player_choice":"Success","damage_taken":5,"relics_obtained":["InkBottle"],"max_hp_gain":0,"max_hp_loss":0,"event_name":"Scrap Ooze","floor":10,"gold_loss":0}],"is_beta":false,"boss_relics":[],"items_purged_floors":[],"is_endless":false,"potions_floor_spawned":[1,4],"killed_by":"Lagavulin","ascension_level":20}