{"gold_per_floor":[115,40,40,54,64,64,81,116,171,171,207,207,207,234,234,320,320,342,369,378,396,57,57,91,91,118,118,151,151,151,186,186,269,269,298,324,341,341,341,370,370,383,383,446,490,168,196,214,214,214,214,214,214,10,54,54],"floor_reached":56,"playtime":2987,"items_purged":["Strike_G","Strike_G","Strike_G","Strike_G"],"score":2202,"play_id":"a5546d02-b185-47f9-933b-85e181bff799","local_time":"20220520231929","is_ascension_mode":true,"campfire_choices":[{"data":"Deadly Poison","floor":6.0,"key":"SMITH"},{"data":"Catalyst","floor":10.0,"key":"SMITH"},{"data":"Adrenaline","floor":12.0,"key":"SMITH"},{"floor":15.0,"key":"REST"},{"floor":23.0,"key":"REST"},{"floor":25.0,"key":"REST"},{"data":"Crippling Poison","floor":27.0,"key":"SMITH"},{"data":"Tactician","floor":29.0,"key":"SMITH"},{"data":"Night Terror","floor":32.0,"key":"SMITH"},{"data":"Wraith Form v2","floor":41.0,"key":"SMITH"},{"floor":49.0,"key":"RECALL"},{"data":"Apotheosis","floor":53.0,"key":"SMITH"}],"neow_cost":"NONE","seed_source_timestamp":750672793893100,"circlet_count":0,"master_deck":["AscendersBane","Strike_G+1","Defend_G","Defend_G","Defend_G","Defend_G","Defend_G","Survivor","Neutralize","Deadly Poison+1","Choke","Catalyst+1","Adrenaline+1","Acrobatics+1","Tactician+1","After Image","Escape Plan","Outmaneuver","Adrenaline+1","Crippling Poison+1","Prepared","Night Terror+1","Wraith Form v2+1","Prepared","Prepared","Tactician","Catalyst","Apotheosis+1","Tactician+1"],"special_seed":0,"relics":["Ring of the Snake","Orichalcum","Shuriken","CeramicFish","Pen Nib","Runic Pyramid","Snake Skull","Regal Pillow","Singing Bowl","Juzu Bracelet","HoveringKite","Darkstone Periapt","Question Card","Pantograph","StoneCalendar","Omamori","Blood Vial","Bronze Scales"],"potions_floor_usage":[],"damage_taken":[{"damage":10.0,"enemies":"Cultist","floor":1.0,"turns":5.0},{"damage":0.0,"enemies":"Jaw Worm","floor":4.0,"turns":4.0},{"damage":0.0,"enemies":"Small Slimes","floor":5.0,"turns":2.0},{"damage":4.0,"enemies":"Red Slaver","floor":7.0,"turns":3.0},{"damage":0.0,"enemies":"Gremlin Nob","floor":8.0,"turns":3.0},{"damage":13.0,"enemies":"Lagavulin","floor":11.0,"turns":5.0},{"damage":0.0,"enemies":"3 Louse","floor":14.0,"turns":4.0},{"damage":8.0,"enemies":"Hexaghost","floor":16.0,"turns":9.0},{"damage":8.0,"enemies":"Shell Parasite","floor":18.0,"turns":5.0},{"damage":9.0,"enemies":"2 Thieves","floor":19.0,"turns":4.0},{"damage":8.0,"enemies":"Snake Plant","floor":21.0,"turns":3.0},{"damage":28.0,"enemies":"Gremlin Leader","floor":24.0,"turns":6.0},{"damage":13.0,"enemies":"Book of Stabbing","floor":28.0,"turns":4.0},{"damage":3.0,"enemies":"Gremlin Leader","floor":31.0,"turns":4.0},{"damage":10.0,"enemies":"Champ","floor":33.0,"turns":5.0},{"damage":11.0,"enemies":"3 Darklings","floor":35.0,"turns":6.0},{"damage":0.0,"enemies":"3 Shapes","floor":36.0,"turns":5.0},{"damage":0.0,"enemies":"Writhing Mass","floor":37.0,"turns":5.0},{"damage":0.0,"enemies":"Reptomancer","floor":40.0,"turns":4.0},{"damage":1.0,"enemies":"Jaw Worm Horde","floor":42.0,"turns":5.0},{"damage":14.0,"enemies":"2 Orb Walkers","floor":44.0,"turns":4.0},{"damage":0.0,"enemies":"Nemesis","floor":45.0,"turns":5.0},{"damage":0.0,"enemies":"Reptomancer","floor":47.0,"turns":2.0},{"damage":0.0,"enemies":"4 Shapes","floor":48.0,"turns":4.0},{"damage":15.0,"enemies":"Time Eater","floor":50.0,"turns":4.0},{"damage":41.0,"enemies":"Donu and Deca","floor":51.0,"turns":7.0},{"damage":27.0,"enemies":"Shield and Spear","floor":55.0,"turns":9.0},{"damage":71,"enemies":"The Heart","floor":56,"turns":3}],"seed_played":"-4483355701922566209","potions_obtained":[{"floor":1.0,"key":"CunningPotion"},{"floor":4.0,"key":"Dexterity Potion"},{"floor":11.0,"key":"BlessingOfTheForge"},{"floor":14.0,"key":"Poison Potion"},{"floor":16.0,"key":"PowerPotion"},{"floor":24.0,"key":"Block Potion"},{"floor":28.0,"key":"Block Potion"},{"floor":33.0,"key":"SpeedPotion"},{"floor":35.0,"key":"CultistPotion"},{"floor":37.0,"key":"PowerPotion"},{"floor":42.0,"key":"SteroidPotion"},{"floor":47.0,"key":"PowerPotion"}],"is_trial":false,"path_per_floor":["M","$","?","M","M","R","M","E","T","R","E","R","?","M","R","B",null,"M","M","?","M","$","R","E","R","T","R","E","R","?","E","R","B",null,"M","M","M","?","?","E","R","M","T","?","E","$","E","M","R","B","B",null,"R","$","E","B"],"character_chosen":"THE_SILENT","items_purchased":["Snake Skull","Crippling Poison","Apotheosis","Poison Potion"],"campfire_rested":3,"item_purchase_floors":[22,22,46,54],"current_hp_per_floor":[49,49,49,49,49,49,45,45,45,45,32,32,12,12,31,23,55,47,38,38,30,30,49,21,55,55,55,44,44,25,22,22,12,58,47,47,49,49,49,51,51,52,52,38,38,38,40,44,44,56,38,69,69,69,44,0],"gold":54,"neow_bonus":"RANDOM_COMMON_RELIC","is_prod":false,"is_daily":false,"chose_seed":false,"campfire_upgraded":8,"win_rate":0,"timestamp":1653113969,"path_taken":["M","$","?","M","M","R","?","E","T","R","E","R","?","M","R","BOSS","M","M","?","?","?","R","E","R","T","R","E","R","?","E","R","BOSS","M","M","M","?","?","E","R","M","T","?","E","$","E","M","R","BOSS","BOSS","R","$","E","BOSS"],"build_version":"2022-03-07","purchased_purges":4,"victory":false,"max_hp_per_floor":[66,66,66,66,66,66,66,66,66,66,66,66,66,66,66,66,66,66,66,66,66,66,66,66,66,66,66,68,68,73,73,73,73,73,73,73,75,71,71,73,73,75,75,75,75,75,77,79,79,79,79,79,79,79,79,79],"card_choices":[{"not_picked":["Expertise","Heel Hook"],"picked":"Deadly Poison","floor":1.0},{"not_picked":["Tactician","Eviscerate"],"picked":"Choke","floor":4.0},{"not_picked":["Finisher","Blur"],"picked":"Dash","floor":5.0},{"not_picked":["Riddle With Holes","Poisoned Stab"],"picked":"Catalyst","floor":7.0},{"not_picked":["Die Die Die","Acrobatics"],"picked":"Adrenaline","floor":8.0},{"not_picked":["Concentrate","Setup"],"picked":"Acrobatics","floor":11.0},{"not_picked":["PiercingWail","Bane"],"picked":"Tactician","floor":14.0},{"not_picked":["Grand Finale","Envenom"],"picked":"After Image","floor":16.0},{"not_picked":["Reflex","Dagger Spray"],"picked":"Escape Plan","floor":18.0},{"not_picked":["Blur","PiercingWail"],"picked":"Outmaneuver","floor":19.0},{"not_picked":["Expertise","Quick Slash","Well Laid Plans+1"],"picked":"SKIP","floor":21.0},{"not_picked":["Dash","Bane"],"picked":"Prepared","floor":24.0},{"not_picked":["PiercingWail","Acrobatics","Quick Slash+1"],"picked":"Singing Bowl","floor":28.0},{"not_picked":["Acrobatics","PiercingWail"],"picked":"Night Terror","floor":31.0},{"not_picked":["Burst","Glass Knife"],"picked":"Wraith Form v2","floor":33.0},{"not_picked":["Flying Knee","Poisoned Stab"],"picked":"Prepared","floor":35.0},{"not_picked":["Caltrops","Malaise"],"picked":"Prepared","floor":36.0},{"not_picked":["All Out Attack","Leg Sweep","Underhanded Strike"],"picked":"Singing Bowl","floor":37.0},{"not_picked":["Choke","Skewer","Backflip"],"picked":"Singing Bowl","floor":40.0},{"not_picked":["Masterful Stab","Predator+1","Bane+1","Acrobatics"],"picked":"Singing Bowl","floor":42.0},{"not_picked":["Acrobatics+1","Dodge and Roll","PiercingWail"],"picked":"Tactician","floor":44.0},{"not_picked":["All Out Attack","Flechettes+1","Escape Plan"],"picked":"Catalyst","floor":45.0},{"not_picked":["Leg Sweep+1","Blur+1","All Out Attack","Setup"],"picked":"Singing Bowl","floor":47.0},{"not_picked":["Bane","Eviscerate","Leg Sweep","Outmaneuver"],"picked":"Singing Bowl","floor":48.0},{"not_picked":["Calculated Gamble","Prepared","Deflect"],"picked":"Tactician+1","floor":55.0}],"player_experience":1101598,"relics_obtained":[{"floor":8.0,"key":"Shuriken"},{"floor":9.0,"key":"CeramicFish"},{"floor":11.0,"key":"Pen Nib"},{"floor":24.0,"key":"Regal Pillow"},{"floor":28.0,"key":"Singing Bowl"},{"floor":31.0,"key":"Juzu Bracelet"},{"floor":40.0,"key":"Question Card"},{"floor":43.0,"key":"Pantograph"},{"floor":44.0,"key":"StoneCalendar"},{"floor":45.0,"key":"Omamori"},{"floor":47.0,"key":"Blood Vial"},{"floor":55.0,"key":"Bronze Scales"}],"event_choices":[{"damage_healed":0.0,"max_hp_gain":0.0,"max_hp_loss":0.0,"gold_gain":0.0,"event_name":"Match and Keep!","player_choice":"0 cards matched","floor":3.0,"gold_loss":0.0,"damage_taken":0.0,"cards_obtained":[]},{"damage_healed":0.0,"max_hp_gain":0.0,"max_hp_loss":0.0,"gold_gain":0.0,"event_name":"Shining Light","player_choice":"Entered Light","floor":13.0,"gold_loss":0.0,"damage_taken":20.0,"cards_upgraded":["Acrobatics","Strike_G"]},{"damage_healed":0.0,"max_hp_gain":0.0,"max_hp_loss":0.0,"gold_gain":0.0,"event_name":"Duplicator","player_choice":"Copied","floor":20.0,"gold_loss":0.0,"damage_taken":0.0,"cards_obtained":["Adrenaline"]},{"damage_healed":0.0,"max_hp_gain":5.0,"max_hp_loss":0.0,"gold_gain":0.0,"event_name":"Forgotten Altar","player_choice":"Shed Blood","floor":30.0,"gold_loss":0.0,"damage_taken":24.0},{"damage_healed":0.0,"max_hp_gain":0.0,"max_hp_loss":4.0,"gold_gain":0.0,"event_name":"Winding Halls","player_choice":"Max HP","floor":38.0,"gold_loss":0.0,"damage_taken":0.0},{"cards_removed":["Dash"],"damage_healed":0.0,"max_hp_gain":0.0,"max_hp_loss":0.0,"gold_gain":0.0,"event_name":"WeMeetAgain","player_choice":"Gave Card","floor":39.0,"gold_loss":0.0,"damage_taken":0.0,"relics_obtained":["Darkstone Periapt"]},{"damage_healed":0.0,"max_hp_gain":0.0,"max_hp_loss":0.0,"gold_gain":0.0,"event_name":"Mysterious Sphere","player_choice":"Fight","floor":44.0,"gold_loss":0.0,"damage_taken":0.0}],"is_beta":false,"boss_relics":[{"not_picked":["Fusion Hammer","Empty Cage"],"picked":"Runic Pyramid"},{"not_picked":["Coffee Dripper","Velvet Choker"],"picked":"HoveringKite"}],"items_purged_floors":[2,22,46,54],"is_endless":false,"potions_floor_spawned":[1,4,11,14,16,24,28,33,35,37,42,47],"killed_by":"The Heart","ascension_level":20}