{"gold_per_floor":[16,16,16,29,48,48,78,107,145,175,187,230,261,273,285,368,380,404,466,490,521,533,545,587,599,611,640,652],"floor_reached":28,"playtime":1186,"items_purged":[],"score":500,"play_id":"7aee66af-04d9-4d83-8af3-9a4b0477ebaa","local_time":"20220526215413","is_ascension_mode":true,"campfire_choices":[{"floor":11.0,"key":"REST"},{"floor":15.0,"key":"REST"},{"floor":23.0,"key":"REST"},{"floor":25.0,"key":"REST"}],"neow_cost":"NO_GOLD","seed_source_timestamp":0,"circlet_count":0,"master_deck":["AscendersBane","Survivor","Neutralize+1","Adrenaline","Blade Dance","Burst","Blade Dance","Poisoned Stab","Footwork","Terror","Choke","Endless Agony","Noxious Fumes","Noxious Fumes","Predator","Corpse Explosion","Blur","Phantasmal Killer","Phantasmal Killer","Choke","Footwork","Malaise","Deflect","Envenom","Deflect"],"special_seed":0,"relics":["Ring of the Snake","InkBottle","MawBank","Whetstone","Bronze Scales","Pandora\u0027s Box","Nloth\u0027s Gift","Happy Flower","Gremlin Horn"],"potions_floor_usage":[],"damage_taken":[{"damage":2.0,"enemies":"Jaw Worm","floor":1.0,"turns":4.0},{"damage":0.0,"enemies":"Small Slimes","floor":4.0,"turns":2.0},{"damage":0.0,"enemies":"Cultist","floor":5.0,"turns":4.0},{"damage":25.0,"enemies":"Lagavulin","floor":7.0,"turns":5.0},{"damage":0.0,"enemies":"2 Fungi Beasts","floor":8.0,"turns":2.0},{"damage":16.0,"enemies":"Lots of Slimes","floor":10.0,"turns":5.0},{"damage":29.0,"enemies":"3 Sentries","floor":12.0,"turns":7.0},{"damage":22.0,"enemies":"Exordium Thugs","floor":13.0,"turns":4.0},{"damage":3.0,"enemies":"The Guardian","floor":16.0,"turns":10.0},{"damage":10.0,"enemies":"Shell Parasite","floor":18.0,"turns":2.0},{"damage":9.0,"enemies":"Chosen","floor":20.0,"turns":4.0},{"damage":7.0,"enemies":"3 Cultists","floor":21.0,"turns":3.0},{"damage":40.0,"enemies":"Book of Stabbing","floor":24.0,"turns":5.0},{"damage":28.0,"enemies":"Sentry and Sphere","floor":27.0,"turns":4.0},{"damage":10,"enemies":"Snake Plant","floor":28,"turns":2}],"seed_played":"-6872156506935318008","potions_obtained":[{"floor":5.0,"key":"SteroidPotion"},{"floor":8.0,"key":"Weak Potion"},{"floor":12.0,"key":"SteroidPotion"},{"floor":18.0,"key":"Ancient Potion"}],"is_trial":false,"path_per_floor":["M","?","?","M","M","T","E","M","T","M","R","E","M","?","R","B",null,"M","?","M","M","?","R","E","R","T","M","M"],"character_chosen":"THE_SILENT","items_purchased":[],"campfire_rested":4,"item_purchase_floors":[],"current_hp_per_floor":[57,57,62,62,62,62,37,37,37,21,42,13,35,9,30,27,60,50,50,41,34,34,55,15,36,36,8,0],"gold":652,"neow_bonus":"THREE_RARE_CARDS","is_prod":false,"is_daily":false,"chose_seed":false,"campfire_upgraded":0,"win_rate":0,"timestamp":1653627253,"path_taken":["M","?","?","M","M","?","E","M","T","M","R","E","M","?","R","BOSS","M","?","?","M","?","R","E","R","T","M","?"],"build_version":"2022-03-07","purchased_purges":0,"victory":false,"max_hp_per_floor":[66,66,71,71,71,71,71,71,71,71,71,71,71,71,71,71,71,71,71,71,71,71,71,71,71,71,71,71],"card_choices":[{"not_picked":["Grand Finale","Wraith Form v2"],"picked":"Adrenaline","floor":0.0},{"not_picked":["Acrobatics","Dagger Throw"],"picked":"Blade Dance","floor":1.0},{"not_picked":["Setup","Endless Agony"],"picked":"Blade Dance","floor":4.0},{"not_picked":["Dagger Spray","Cloak And Dagger"],"picked":"Poisoned Stab","floor":5.0},{"not_picked":["Skewer","Prepared"],"picked":"Footwork","floor":7.0},{"not_picked":["Dagger Spray","Catalyst"],"picked":"Terror","floor":8.0},{"not_picked":["Concentrate","Sucker Punch"],"picked":"Choke","floor":10.0},{"not_picked":["Quick Slash","Underhanded Strike"],"picked":"Endless Agony","floor":12.0},{"not_picked":["Dash","Quick Slash"],"picked":"Noxious Fumes","floor":13.0},{"not_picked":["PiercingWail","Dash","Dagger Throw"],"picked":"SKIP","floor":18.0},{"not_picked":["Endless Agony","Outmaneuver"],"picked":"Deflect","floor":20.0},{"not_picked":["Flying Knee","Eviscerate","Setup"],"picked":"SKIP","floor":21.0},{"not_picked":["Flying Knee","Finisher"],"picked":"Envenom","floor":24.0},{"not_picked":["Dagger Throw","Setup"],"picked":"Deflect","floor":27.0}],"player_experience":1124280,"relics_obtained":[{"floor":6.0,"key":"InkBottle"},{"floor":7.0,"key":"MawBank"},{"floor":9.0,"key":"Whetstone"},{"floor":12.0,"key":"Lizard Tail"},{"floor":24.0,"key":"Happy Flower"},{"floor":26.0,"key":"Gremlin Horn"}],"event_choices":[{"damage_healed":0.0,"max_hp_gain":0.0,"max_hp_loss":0.0,"gold_gain":0.0,"cards_transformed":["Strike_G"],"event_name":"Living Wall","player_choice":"Change","floor":2.0,"gold_loss":0.0,"damage_taken":0.0,"cards_obtained":["Burst"]},{"damage_healed":0.0,"max_hp_gain":5.0,"max_hp_loss":0.0,"gold_gain":0.0,"event_name":"Big Fish","player_choice":"Donut","floor":3.0,"gold_loss":0.0,"damage_taken":0.0},{"damage_healed":0.0,"max_hp_gain":0.0,"max_hp_loss":0.0,"gold_gain":0.0,"event_name":"Scrap Ooze","player_choice":"Success","floor":14.0,"gold_loss":0.0,"damage_taken":26.0,"relics_obtained":["Bronze Scales"]},{"damage_healed":0.0,"max_hp_gain":0.0,"max_hp_loss":0.0,"gold_gain":100.0,"event_name":"The Joust","player_choice":"Bet on Murderer","floor":19.0,"gold_loss":50.0,"damage_taken":0.0},{"damage_healed":0.0,"max_hp_gain":0.0,"max_hp_loss":0.0,"gold_gain":0.0,"event_name":"N\u0027loth","player_choice":"Traded Relic","floor":22.0,"relics_lost":["Lizard Tail"],"gold_loss":0.0,"damage_taken":0.0,"relics_obtained":["Nloth\u0027s Gift"]}],"is_beta":false,"boss_relics":[{"not_picked":["HoveringKite","Empty Cage"],"picked":"Pandora\u0027s Box"}],"items_purged_floors":[],"is_endless":false,"potions_floor_spawned":[5,8,12,18],"killed_by":"Snake Plant","ascension_level":20}