{"gold_per_floor":[114,114,126,126,138,138,164,164,164,164,190,22,56,67,67,142,142,160,160,160,35,52,52,52,52,52,52,77,88,98,98,98,173,223,238,3,55,55,55,55,73,73,73,93,105,117,149,160,160,160,160],"floor_reached":51,"playtime":2334,"items_purged":["Strike_B+1","Strike_B+1"],"score":1476,"play_id":"87291112-7fc7-478b-8b16-64a0b5a9717f","local_time":"20220523130705","is_ascension_mode":true,"campfire_choices":[{"data":"Dualcast","floor":6,"key":"SMITH"},{"data":"1","floor":10,"key":"LIFT"},{"floor":15,"key":"REST"},{"floor":23,"key":"REST"},{"data":"Capacitor","floor":25,"key":"SMITH"},{"data":"Coolheaded","floor":32,"key":"SMITH"},{"data":"Coolheaded","floor":40,"key":"SMITH"},{"data":"2","floor":42,"key":"LIFT"},{"floor":49,"key":"RECALL"}],"neow_cost":"NONE","seed_source_timestamp":974068978166300,"circlet_count":0,"master_deck":["AscendersBane","Strike_B+1","Defend_B+1","Defend_B+1","Defend_B+1","Defend_B+1","Zap+1","Dualcast+1","Ball Lightning","FTL","Ball Lightning","Sweeping Beam","Static Discharge+1","Capacitor+1","Echo Form","Coolheaded+1","Coolheaded+1","Chill+1","Turbo","Barrage","All For One","Coolheaded+1","Echo Form","Gash","Coolheaded+1","Gash+1","Defragment"],"relics":["Cracked Core","Girya","FossilizedHelix","Nunchaku","DataDisk","Eternal Feather","Nuclear Battery","Bottled Tornado","Gremlin Horn","Tiny House","Incense Burner","PreservedInsect"],"potions_floor_usage":[16,18,33,35,37,44,44],"damage_taken":[{"damage":1,"enemies":"Small Slimes","floor":1,"turns":4},{"damage":7,"enemies":"Jaw Worm","floor":3,"turns":4},{"damage":0,"enemies":"Cultist","floor":5,"turns":3},{"damage":10,"enemies":"3 Sentries","floor":7,"turns":5},{"damage":20,"enemies":"Lagavulin","floor":11,"turns":5},{"damage":15,"enemies":"3 Sentries","floor":13,"turns":3},{"damage":0,"enemies":"Large Slime","floor":14,"turns":4},{"damage":24,"enemies":"The Guardian","floor":16,"turns":8},{"damage":19,"enemies":"2 Thieves","floor":18,"turns":3},{"damage":2,"enemies":"Shell Parasite","floor":22,"turns":4},{"damage":15,"enemies":"Book of Stabbing","floor":28,"turns":5},{"damage":0,"enemies":"Chosen and Byrds","floor":29,"turns":5},{"damage":0,"enemies":"Centurion and Healer","floor":30,"turns":5},{"damage":0,"enemies":"Automaton","floor":33,"turns":8},{"damage":0,"enemies":"3 Shapes","floor":35,"turns":4},{"damage":54,"enemies":"2 Orb Walkers","floor":37,"turns":4},{"damage":0,"enemies":"3 Darklings","floor":41,"turns":4},{"damage":8,"enemies":"Transient","floor":44,"turns":6},{"damage":0,"enemies":"Spire Growth","floor":45,"turns":4},{"damage":0,"enemies":"Maw","floor":46,"turns":6},{"damage":12,"enemies":"Reptomancer","floor":47,"turns":6},{"damage":0,"enemies":"4 Shapes","floor":48,"turns":4},{"damage":32,"enemies":"Donu and Deca","floor":50,"turns":8},{"damage":51,"enemies":"Awakened One","floor":51,"turns":6}],"seed_played":"-1866378653530500788","potions_obtained":[{"floor":5,"key":"Ancient Potion"},{"floor":11,"key":"FearPotion"},{"floor":13,"key":"Weak Potion"},{"floor":28,"key":"ColorlessPotion"},{"floor":29,"key":"SkillPotion"},{"floor":30,"key":"Strength Potion"},{"floor":34,"key":"Fruit Juice"},{"floor":37,"key":"Weak Potion"},{"floor":41,"key":"LiquidMemories"},{"floor":45,"key":"FearPotion"}],"is_trial":false,"path_per_floor":["M","?","M","?","M","R","E","?","T","R","E","$","E","M","R","B",null,"M","?","?","$","M","R","?","R","T","$","E","M","M","?","R","B",null,"M","$","?","?","$","R","M","R","T","M","M","M","E","M","R","B","B"],"character_chosen":"DEFECT","items_purchased":["DataDisk","Coolheaded","Echo Form","Gash"],"campfire_rested":2,"item_purchase_floors":[12,21,36,36],"current_hp_per_floor":[63,63,56,56,56,56,46,46,46,46,26,26,11,11,41,17,58,39,19,19,19,17,48,48,57,57,57,42,42,42,42,54,54,76,81,81,27,71,71,71,71,71,71,63,63,63,51,51,66,34,0],"gold":160,"neow_bonus":"UPGRADE_CARD","is_prod":false,"is_daily":false,"chose_seed":false,"campfire_upgraded":4,"win_rate":0,"timestamp":1653336425,"path_taken":["M","?","M","?","?","R","E","?","T","R","E","$","E","?","R","BOSS","M","?","?","$","M","R","?","R","T","?","E","M","?","?","R","BOSS","M","$","?","?","?","R","M","R","T","M","?","M","E","M","R","BOSS","BOSS"],"build_version":"2022-03-07","purchased_purges":2,"victory":false,"max_hp_per_floor":[71,71,71,71,71,71,71,71,71,71,71,71,71,71,71,71,71,71,76,76,76,76,76,76,76,76,76,76,76,76,76,76,76,81,86,86,86,71,71,71,71,71,71,71,71,71,71,71,71,71,71],"card_choices":[{"not_picked":["Undo","Steam"],"picked":"Ball Lightning","floor":1},{"not_picked":["Conserve Battery","Auto Shields"],"picked":"FTL","floor":3},{"not_picked":["Stack","Turbo"],"picked":"Ball Lightning","floor":5},{"not_picked":["Hologram","Rebound"],"picked":"Sweeping Beam","floor":7},{"not_picked":["Ball Lightning","Turbo"],"picked":"Static Discharge","floor":11},{"not_picked":["All For One","Ball Lightning"],"picked":"Capacitor","floor":13},{"not_picked":["Ball Lightning","Skim","Blizzard"],"picked":"SKIP","floor":14},{"not_picked":["Reboot","Seek"],"picked":"Echo Form","floor":16},{"not_picked":["Steam","Heatsinks"],"picked":"Coolheaded","floor":18},{"not_picked":["Sweeping Beam","Force Field"],"picked":"Chill+1","floor":22},{"not_picked":["Leap","Reinforced Body"],"picked":"Turbo","floor":28},{"not_picked":["Consume","Stack"],"picked":"Barrage","floor":29},{"not_picked":["Heatsinks","Go for the Eyes","Hologram"],"picked":"SKIP","floor":30},{"not_picked":["Rainbow","Amplify"],"picked":"All For One","floor":33},{"not_picked":["Loop","Lockon"],"picked":"Coolheaded+1","floor":35},{"not_picked":["Turbo","Streamline"],"picked":"Coolheaded+1","floor":41},{"not_picked":["Stack","BootSequence"],"picked":"Gash+1","floor":44},{"not_picked":["Leap","Conserve Battery"],"picked":"Defragment","floor":45},{"not_picked":["Static Discharge","Sunder+1","Self Repair"],"picked":"SKIP","floor":46},{"not_picked":["Force Field","Chaos","Streamline"],"picked":"SKIP","floor":47},{"not_picked":["Recycle","Ball Lightning+1","Stack"],"picked":"SKIP","floor":48}],"player_experience":1106605,"relics_obtained":[{"floor":7,"key":"Girya"},{"floor":9,"key":"FossilizedHelix"},{"floor":11,"key":"Nunchaku"},{"floor":13,"key":"Eternal Feather"},{"floor":26,"key":"Bottled Tornado"},{"floor":28,"key":"Gremlin Horn"},{"floor":37,"key":"Incense Burner"},{"floor":47,"key":"PreservedInsect"}],"event_choices":[{"damage_healed":0,"gold_gain":0,"player_choice":"Ignored","damage_taken":0,"max_hp_gain":0,"max_hp_loss":0,"event_name":"Liars Game","floor":2,"gold_loss":0},{"cards_removed":["Strike_B"],"damage_healed":0,"gold_gain":0,"player_choice":"Offered Basic","damage_taken":0,"max_hp_gain":0,"max_hp_loss":0,"event_name":"Bonfire Elementals","floor":4,"gold_loss":0},{"damage_healed":0,"gold_gain":0,"player_choice":"0 cards matched","damage_taken":0,"max_hp_gain":0,"max_hp_loss":0,"event_name":"Match and Keep!","floor":8,"gold_loss":0,"cards_obtained":[]},{"damage_healed":0,"gold_gain":0,"player_choice":"Shed Blood","damage_taken":25,"max_hp_gain":5,"max_hp_loss":0,"event_name":"Forgotten Altar","floor":19,"gold_loss":0},{"damage_healed":0,"gold_gain":0,"player_choice":"Simplicity","damage_taken":0,"max_hp_gain":0,"max_hp_loss":0,"event_name":"Back to Basics","floor":20,"gold_loss":0,"cards_upgraded":["Strike_B","Strike_B","Strike_B","Defend_B","Defend_B","Defend_B","Defend_B"]},{"damage_healed":0,"gold_gain":0,"player_choice":"Ignored","damage_taken":0,"max_hp_gain":0,"max_hp_loss":0,"event_name":"The Mausoleum","floor":31,"gold_loss":0},{"damage_healed":0,"gold_gain":0,"player_choice":"Fight","damage_taken":0,"max_hp_gain":0,"max_hp_loss":0,"event_name":"Mysterious Sphere","floor":37,"gold_loss":0},{"damage_healed":71,"gold_gain":0,"player_choice":"Heal","damage_taken":0,"max_hp_gain":0,"max_hp_loss":15,"event_name":"The Moai Head","floor":38,"gold_loss":0}],"is_beta":false,"boss_relics":[{"not_picked":["Coffee Dripper","FrozenCore"],"picked":"Nuclear Battery"},{"not_picked":["Runic Dome","Busted Crown"],"picked":"Tiny House"}],"items_purged_floors":[21,36],"is_endless":false,"potions_floor_spawned":[5,11,13,28,29,30,37,41,45],"killed_by":"Awakened One","ascension_level":20}