{"gold_per_floor":[113,188,188,3,53,53,88,105,105,137,137,158,185,130,130,130],"floor_reached":16,"playtime":458,"items_purged":["Strike_B"],"score":212,"play_id":"f026d68c-9101-4e0e-8e80-aa90108e3b8d","local_time":"20220521203920","is_ascension_mode":true,"campfire_choices":[{"floor":6,"key":"REST"},{"data":"Chaos","floor":11,"key":"SMITH"},{"data":"Capacitor","floor":15,"key":"SMITH"}],"neow_cost":"NONE","seed_source_timestamp":830267018997100,"circlet_count":0,"master_deck":["AscendersBane","Strike_B","Strike_B","Strike_B","Defend_B+1","Defend_B+1","Defend_B","Defend_B","Zap+1","Dualcast","Conserve Battery","Compile Driver","Chaos+1","Capacitor+1","Coolheaded"],"relics":["Cracked Core","Membership Card","Toy Ornithopter","Cables","CeramicFish","Pen Nib"],"potions_floor_usage":[10,10],"damage_taken":[{"damage":0,"enemies":"2 Louse","floor":1,"turns":2},{"damage":25,"enemies":"3 Sentries","floor":7,"turns":10},{"damage":0,"enemies":"Jaw Worm","floor":8,"turns":3},{"damage":20,"enemies":"Lagavulin","floor":10,"turns":7},{"damage":0,"enemies":"Small Slimes","floor":12,"turns":2},{"damage":41,"enemies":"The Guardian","floor":16,"turns":8}],"seed_played":"-1837529380880201320","potions_obtained":[{"floor":7,"key":"Explosive Potion"},{"floor":8,"key":"Regen Potion"}],"is_trial":false,"path_per_floor":["M","?","?","$","?","R","E","M","T","E","R","M","T","$","R","B"],"character_chosen":"DEFECT","items_purchased":["Membership Card","Compile Driver","Coolheaded"],"campfire_rested":1,"item_purchase_floors":[4,4,14],"current_hp_per_floor":[64,53,32,32,32,53,28,28,28,33,33,33,33,33,33,0],"gold":130,"neow_bonus":"UPGRADE_CARD","is_prod":false,"is_daily":false,"chose_seed":false,"campfire_upgraded":2,"win_rate":0,"timestamp":1653190760,"path_taken":["M","?","?","$","?","R","E","?","T","E","R","M","?","$","R","BOSS"],"build_version":"2022-03-07","purchased_purges":1,"victory":false,"max_hp_per_floor":[71,71,71,71,71,71,71,71,71,71,71,71,71,71,71,71],"card_choices":[{"not_picked":["Reprogram","Steam"],"picked":"Conserve Battery","floor":1},{"not_picked":["Storm","Heatsinks","Reprogram"],"picked":"SKIP","floor":7},{"not_picked":["Skim","Beam Cell"],"picked":"Chaos","floor":8},{"not_picked":["Leap","Auto Shields","Melter"],"picked":"SKIP","floor":10},{"not_picked":["Reinforced Body","Recycle"],"picked":"Capacitor","floor":12}],"player_experience":1105821,"relics_obtained":[{"floor":7,"key":"Toy Ornithopter"},{"floor":9,"key":"Cables"},{"floor":10,"key":"CeramicFish"},{"floor":13,"key":"Pen Nib"}],"event_choices":[{"damage_healed":0,"gold_gain":75,"player_choice":"Gather Gold","damage_taken":11,"max_hp_gain":0,"max_hp_loss":0,"event_name":"World of Goop","floor":2,"gold_loss":0},{"damage_healed":0,"gold_gain":0,"player_choice":"Entered Light","damage_taken":21,"max_hp_gain":0,"max_hp_loss":0,"event_name":"Shining Light","floor":3,"gold_loss":0,"cards_upgraded":["Defend_B","Defend_B"]},{"damage_healed":0,"gold_gain":50,"player_choice":"Pray","damage_taken":0,"max_hp_gain":0,"max_hp_loss":0,"event_name":"Golden Shrine","floor":5,"gold_loss":0}],"is_beta":false,"boss_relics":[],"items_purged_floors":[14],"is_endless":false,"potions_floor_spawned":[7,8],"killed_by":"The Guardian","ascension_level":20}