{"gold_per_floor":[114,189,189,209,222,222,247,137,137,150,185,215,245,282,294,409,421,444,473,385,402,416,448,179,214,214,214,239,250,250,349,349,445,445,465,315,315,140,157,190,204,204,204,229,29,49,59,59,59,59],"floor_reached":50,"playtime":2054,"items_purged":["Defend_P","Judgement","Devotion","LessonLearned+1","Collect+1","Consecrate+1"],"score":742,"play_id":"97389687-cdf2-422a-b9c1-cc3923c20f9e","local_time":"20220529113142","is_ascension_mode":true,"campfire_choices":[{"data":"Eruption","floor":6.0,"key":"SMITH"},{"floor":15.0,"key":"REST"},{"floor":27,"key":"REST"},{"floor":30,"key":"REST"},{"data":"FearNoEvil","floor":32,"key":"SMITH"},{"floor":49,"key":"REST"}],"neow_cost":"NONE","seed_source_timestamp":116596010551000,"circlet_count":0,"master_deck":["Eruption+1","MentalFortress+1","Adaptation+1","FearNoEvil+1","Adaptation+1","Consecrate+1"],"special_seed":0,"relics":["Cursed Key","Yang","MawBank","Torii","Pandora\u0027s Box","CeramicFish","Medical Kit","Akabeko","Fusion Hammer","Bottled Tornado","Prayer Wheel"],"potions_floor_usage":[33,50],"damage_taken":[{"damage":0.0,"enemies":"Jaw Worm","floor":1.0,"turns":3.0},{"damage":0.0,"enemies":"2 Louse","floor":4.0,"turns":1.0},{"damage":0.0,"enemies":"Cultist","floor":5.0,"turns":2.0},{"damage":15.0,"enemies":"Gremlin Nob","floor":7.0,"turns":4.0},{"damage":0.0,"enemies":"Lots of Slimes","floor":10.0,"turns":2.0},{"damage":11.0,"enemies":"Lagavulin","floor":11.0,"turns":4.0},{"damage":8.0,"enemies":"Exordium Thugs","floor":12.0,"turns":3.0},{"damage":11.0,"enemies":"Exordium Wildlife","floor":13.0,"turns":5.0},{"damage":5.0,"enemies":"Gremlin Nob","floor":14.0,"turns":3.0},{"damage":1.0,"enemies":"The Guardian","floor":16.0,"turns":9.0},{"damage":20.0,"enemies":"2 Thieves","floor":18.0,"turns":2.0},{"damage":11.0,"enemies":"Shell Parasite","floor":19.0,"turns":3.0},{"damage":21.0,"enemies":"Snake Plant","floor":21.0,"turns":2.0},{"damage":0.0,"enemies":"Sentry and Sphere","floor":22.0,"turns":3.0},{"damage":14.0,"enemies":"Slavers","floor":23.0,"turns":3.0},{"damage":0.0,"enemies":"Book of Stabbing","floor":25.0,"turns":2.0},{"damage":0,"enemies":"Gremlin Leader","floor":28,"turns":2},{"damage":0,"enemies":"Cultist and Chosen","floor":29,"turns":3},{"damage":0,"enemies":"Automaton","floor":33,"turns":2},{"damage":10,"enemies":"Orb Walker","floor":35,"turns":2},{"damage":0,"enemies":"3 Darklings","floor":39,"turns":1},{"damage":7,"enemies":"Giant Head","floor":40,"turns":2},{"damage":5,"enemies":"4 Shapes","floor":41,"turns":2},{"damage":12,"enemies":"Nemesis","floor":44,"turns":3},{"damage":0,"enemies":"Jaw Worm Horde","floor":46,"turns":1},{"damage":0,"enemies":"Sphere and 2 Shapes","floor":47,"turns":1},{"damage":0,"enemies":"Donu and Deca","floor":50,"turns":2}],"seed_played":"-6101176365702431407","potions_obtained":[{"floor":1.0,"key":"Explosive Potion"},{"floor":5.0,"key":"Regen Potion"},{"floor":12.0,"key":"SkillPotion"},{"floor":14.0,"key":"DuplicationPotion"},{"floor":22.0,"key":"GamblersBrew"},{"floor":23.0,"key":"SpeedPotion"},{"floor":25.0,"key":"FairyPotion"},{"floor":28,"key":"Strength Potion"},{"floor":29,"key":"SkillPotion"},{"floor":35,"key":"FearPotion"}],"is_trial":false,"path_per_floor":["M","?","?","M","M","R","E","$","T","M","E","M","M","E","R","B",null,"M","M","$","M","M","E","$","E","T","R","E","M","R","?","R","B",null,"M","$","?","$","M","E","M","T","T","E","$","M","M","$","R","B"],"character_chosen":"WATCHER","items_purchased":["Adaptation","Medical Kit"],"campfire_rested":4,"item_purchase_floors":[8,24],"current_hp_per_floor":[72,61,47,47,47,47,32,32,32,32,33,25,14,9,30,29,72,52,41,41,20,20,6,6,6,6,27,27,27,48,48,48,48,72,62,62,62,62,62,55,50,50,50,38,38,38,38,38,59,59],"gold":59,"neow_bonus":"BOSS_RELIC","is_prod":false,"is_daily":false,"chose_seed":false,"campfire_upgraded":2,"win_rate":0,"timestamp":1653849102,"path_taken":["M","?","?","M","M","R","E","$","T","M","E","M","M","E","R","BOSS","M","M","$","M","M","E","$","E","T","R","E","M","R","?","R","BOSS","M","$","?","$","M","E","M","?","T","E","$","M","M","?","R","BOSS"],"build_version":"2022-03-07","purchased_purges":6,"victory":false,"max_hp_per_floor":[72,72,72,72,72,72,72,72,72,72,72,72,72,72,72,72,72,72,72,72,72,72,72,72,72,72,72,72,72,72,72,72,72,72,72,72,72,72,72,72,72,72,72,72,72,72,72,72,72,72],"card_choices":[{"not_picked":["Fasting2","Crescendo","FlyingSleeves"],"picked":"SKIP","floor":1.0},{"not_picked":["PathToVictory","EmptyBody"],"picked":"MentalFortress","floor":4.0},{"not_picked":["Indignation","CrushJoints","Meditate"],"picked":"SKIP","floor":5.0},{"not_picked":["Prostrate","Study","ThirdEye"],"picked":"SKIP","floor":7.0},{"not_picked":["Adaptation","SandsOfTime","Consecrate"],"picked":"SKIP","floor":10.0},{"not_picked":["Vengeance","ClearTheMind","Blasphemy"],"picked":"SKIP","floor":11.0},{"not_picked":["Tantrum","JustLucky","WheelKick"],"picked":"SKIP","floor":12.0},{"not_picked":["FollowUp","CutThroughFate"],"picked":"FearNoEvil","floor":13.0},{"not_picked":["Conclude","JustLucky","Halt"],"picked":"SKIP","floor":14.0},{"not_picked":["JustLucky","FollowUp","WindmillStrike"],"picked":"SKIP","floor":18.0},{"not_picked":["ThirdEye","ClearTheMind","Sanctity"],"picked":"SKIP","floor":19.0},{"not_picked":["Wireheading","Protect","Swivel"],"picked":"SKIP","floor":21.0},{"not_picked":["BowlingBash+1","Halt","CutThroughFate"],"picked":"SKIP","floor":22.0},{"not_picked":["DeceiveReality","Pray","MentalFortress+1"],"picked":"SKIP","floor":23.0},{"not_picked":["DevaForm","ThirdEye","Indignation"],"picked":"SKIP","floor":25.0},{"not_picked":["ReachHeaven","Tantrum+1","JustLucky"],"picked":"SKIP","floor":28},{"not_picked":["Collect","Worship","Nirvana"],"picked":"SKIP","floor":29},{"not_picked":["Crescendo+1","Protect","ThirdEye+1"],"picked":"SKIP","floor":35},{"not_picked":["Study+1","Collect+1","CrushJoints+1"],"picked":"SKIP","floor":39},{"not_picked":["CarveReality","Sanctity+1","Scrawl"],"picked":"SKIP","floor":40},{"not_picked":["EmptyBody+1","Halt","Protect+1"],"picked":"SKIP","floor":41},{"not_picked":["Collect+1","FlurryOfBlows+1","Tantrum+1"],"picked":"SKIP","floor":44},{"not_picked":["Protect+1","Crescendo+1","EmptyBody+1"],"picked":"SKIP","floor":46},{"not_picked":["Vengeance","DeceiveReality","Judgement"],"picked":"SKIP","floor":46},{"not_picked":["FlyingSleeves+1","FearNoEvil+1","WindmillStrike"],"picked":"SKIP","floor":47},{"not_picked":["SandsOfTime","Protect","FollowUp"],"picked":"SKIP","floor":47}],"player_experience":1138689,"relics_obtained":[{"floor":7.0,"key":"Yang"},{"floor":11.0,"key":"MawBank"},{"floor":14.0,"key":"Torii"},{"floor":23.0,"key":"CeramicFish"},{"floor":25.0,"key":"Akabeko"},{"floor":40,"key":"Bottled Tornado"},{"floor":44,"key":"Prayer Wheel"}],"event_choices":[{"damage_healed":0.0,"max_hp_gain":0.0,"max_hp_loss":0.0,"gold_gain":75.0,"event_name":"World of Goop","player_choice":"Gather Gold","floor":2.0,"gold_loss":0.0,"damage_taken":11.0},{"damage_healed":0.0,"max_hp_gain":0.0,"max_hp_loss":0.0,"gold_gain":0.0,"event_name":"Shining Light","player_choice":"Entered Light","floor":3.0,"gold_loss":0.0,"damage_taken":14.0,"cards_upgraded":["Strike_P","Defend_P"]},{"damage_healed":0,"gold_gain":99,"player_choice":"Stole From Cult","damage_taken":0,"max_hp_gain":0,"max_hp_loss":0,"event_name":"Nest","floor":31,"gold_loss":0},{"cards_removed":["Vigilance"],"damage_healed":0,"gold_gain":0,"player_choice":"Removed Skill","damage_taken":0,"max_hp_gain":0,"max_hp_loss":0,"event_name":"Falling","floor":37,"gold_loss":0}],"is_beta":false,"boss_relics":[{"not_picked":["Runic Pyramid","Ectoplasm"],"picked":"Pandora\u0027s Box"},{"not_picked":["SlaversCollar","Sozu"],"picked":"Fusion Hammer"}],"items_purged_floors":[8,20,24,36,38,45],"is_endless":false,"potions_floor_spawned":[1,5,12,14,22,23,25,28,29,35,41,44,46],"killed_by":"Donu and Deca","ascension_level":1}