{"gold_per_floor":[111,111,122,33,33,33,49,77,77,77],"floor_reached":10,"playtime":387,"items_purged":[],"score":132,"play_id":"2af0d357-a08f-4a86-b633-460f963f5137","local_time":"20220523151635","is_ascension_mode":true,"campfire_choices":[{"data":"Footwork","floor":6,"key":"SMITH"}],"neow_cost":"TEN_PERCENT_HP_LOSS","seed_source_timestamp":983787143294200,"circlet_count":0,"master_deck":["AscendersBane","Strike_G","Strike_G+1","Strike_G+1","Strike_G","Strike_G","Defend_G","Defend_G","Defend_G","Defend_G","Survivor","Neutralize","Leg Sweep","Heel Hook","Footwork+1","Poisoned Stab","Heel Hook"],"relics":["Ring of the Snake","Thread and Needle","InkBottle","Meat on the Bone"],"potions_floor_usage":[10,10],"damage_taken":[{"damage":3,"enemies":"Jaw Worm","floor":1,"turns":7},{"damage":0,"enemies":"2 Louse","floor":3,"turns":4},{"damage":0,"enemies":"Small Slimes","floor":7,"turns":4},{"damage":15,"enemies":"Lagavulin","floor":8,"turns":12},{"damage":13,"enemies":"3 Sentries","floor":10,"turns":11}],"seed_played":"2818943942552630543","potions_obtained":[{"floor":1,"key":"SneckoOil"},{"floor":8,"key":"Block Potion"}],"is_trial":false,"path_per_floor":["M","?","M","$","?","R","M","E","T","E"],"character_chosen":"THE_SILENT","items_purchased":["Footwork"],"campfire_rested":0,"item_purchase_floors":[4],"current_hp_per_floor":[56,49,49,49,31,31,31,16,16,3],"gold":77,"neow_bonus":"ONE_RARE_RELIC","is_prod":false,"is_daily":false,"chose_seed":false,"campfire_upgraded":1,"win_rate":0,"timestamp":1653344195,"path_taken":["M","?","M","?","?","R","M","E","T","E"],"build_version":"2022-03-07","purchased_purges":0,"victory":false,"max_hp_per_floor":[60,60,60,60,60,60,60,60,60,60],"card_choices":[{"not_picked":["Finisher","Backflip"],"picked":"Leg Sweep","floor":1},{"not_picked":["Bane","Flying Knee"],"picked":"Heel Hook","floor":3},{"not_picked":["Blade Dance","Cloak And Dagger"],"picked":"Poisoned Stab","floor":7},{"not_picked":["Riddle With Holes","Outmaneuver"],"picked":"Heel Hook","floor":8}],"player_experience":1108939,"relics_obtained":[{"floor":8,"key":"InkBottle"},{"floor":9,"key":"Meat on the Bone"}],"event_choices":[{"cards_removed":["Defend_G"],"damage_healed":0,"gold_gain":0,"player_choice":"Card Removal","damage_taken":7,"max_hp_gain":0,"max_hp_loss":0,"event_name":"Golden Wing","floor":2,"gold_loss":0},{"damage_healed":0,"gold_gain":0,"player_choice":"Entered Light","damage_taken":18,"max_hp_gain":0,"max_hp_loss":0,"event_name":"Shining Light","floor":5,"gold_loss":0,"cards_upgraded":["Strike_G","Strike_G"]}],"is_beta":false,"boss_relics":[],"items_purged_floors":[],"is_endless":false,"potions_floor_spawned":[1,8],"killed_by":"3 Sentries","ascension_level":20}