{"gold_per_floor":[116,130,55,67,77,77,111,128,152,152,168,203,203,223,223,223],"floor_reached":16,"playtime":544,"items_purged":[],"score":228,"play_id":"5bedd4ef-4c78-41fb-b9de-822dd19fdd3d","local_time":"20220520103712","is_ascension_mode":true,"campfire_choices":[{"data":"Zap","floor":6.0,"key":"SMITH"},{"floor":10.0,"key":"REST"},{"floor":15.0,"key":"REST"}],"neow_cost":"NONE","seed_source_timestamp":0,"circlet_count":0,"master_deck":["AscendersBane","Strike_B","Strike_B","Defend_B","Defend_B","Defend_B","Defend_B","Zap+1","Dualcast","Amplify","Cold Snap","Coolheaded","Gash","Ball Lightning","Compile Driver","Cold Snap","Ball Lightning","Streamline","Leap","Loop"],"special_seed":0,"relics":["Cracked Core","Lizard Tail","Dream Catcher","Smiling Mask","Bottled Lightning"],"potions_floor_usage":[],"damage_taken":[{"damage":1.0,"enemies":"Cultist","floor":1.0,"turns":4.0},{"damage":2.0,"enemies":"Jaw Worm","floor":2.0,"turns":5.0},{"damage":1.0,"enemies":"2 Louse","floor":4.0,"turns":3.0},{"damage":13.0,"enemies":"Lots of Slimes","floor":5.0,"turns":4.0},{"damage":24.0,"enemies":"Lagavulin","floor":7.0,"turns":8.0},{"damage":18.0,"enemies":"Large Slime","floor":8.0,"turns":6.0},{"damage":6.0,"enemies":"Blue Slaver","floor":11.0,"turns":3.0},{"damage":9.0,"enemies":"3 Sentries","floor":12.0,"turns":7.0},{"damage":2.0,"enemies":"Looter","floor":14.0,"turns":2.0},{"damage":0,"enemies":"The Guardian","floor":16,"turns":1}],"seed_played":"5662260328298084487","potions_obtained":[{"floor":2.0,"key":"Swift Potion"},{"floor":5.0,"key":"Energy Potion"},{"floor":11.0,"key":"FocusPotion"}],"is_trial":false,"path_per_floor":["M","M","?","M","M","R","E","M","T","R","M","E","T","M","R","B"],"character_chosen":"DEFECT","items_purchased":[],"campfire_rested":2,"item_purchase_floors":[],"current_hp_per_floor":[63,61,61,60,47,47,23,5,5,26,20,11,11,9,30,30],"gold":223,"neow_bonus":"TRANSFORM_CARD","is_prod":false,"is_daily":false,"chose_seed":false,"campfire_upgraded":1,"win_rate":0,"timestamp":1653068232,"path_taken":["M","?","?","M","M","R","E","M","T","R","M","E","?","M","R","BOSS"],"build_version":"2022-03-07","purchased_purges":0,"victory":false,"max_hp_per_floor":[71,71,71,71,71,71,71,71,71,71,71,71,71,71,71,71],"card_choices":[{"not_picked":["Turbo","Stack"],"picked":"Cold Snap","floor":1.0},{"not_picked":["Hologram","Leap"],"picked":"Coolheaded","floor":2.0},{"not_picked":["Hologram","Darkness"],"picked":"Gash","floor":4.0},{"not_picked":["Auto Shields","Thunder Strike"],"picked":"Ball Lightning","floor":5.0},{"not_picked":["Rebound","Multi-Cast"],"picked":"Compile Driver","floor":7.0},{"not_picked":["Undo","Hologram"],"picked":"Cold Snap","floor":8.0},{"not_picked":["Skim","Stack"],"picked":"Ball Lightning","floor":10.0},{"not_picked":["Redo","Go for the Eyes"],"picked":"Streamline","floor":11.0},{"not_picked":["Multi-Cast","Leap","Stack"],"picked":"SKIP","floor":12.0},{"not_picked":["Sunder","Steam Power"],"picked":"Leap","floor":14.0},{"not_picked":["Heatsinks","Lockon"],"picked":"Loop","floor":15.0}],"player_experience":1099327,"relics_obtained":[{"floor":7.0,"key":"Lizard Tail"},{"floor":9.0,"key":"Dream Catcher"},{"floor":12.0,"key":"Smiling Mask"},{"floor":13.0,"key":"Bottled Lightning"}],"event_choices":[{"cards_removed":["Strike_B"],"damage_healed":0.0,"max_hp_gain":0.0,"max_hp_loss":0.0,"gold_gain":0.0,"event_name":"The Cleric","player_choice":"Card Removal","floor":3.0,"gold_loss":75.0,"damage_taken":0.0}],"is_beta":false,"boss_relics":[],"items_purged_floors":[],"is_endless":false,"potions_floor_spawned":[2,5,11],"killed_by":"The Guardian","ascension_level":20}