{"gold_per_floor":[114,114,131,15,34,69,69,98,98,98,23,35,63,82,82,156,156,170,181,15,15,29,29,54,54,54,81,94,144,144,472,472,543,543,557,574,574,151,169,204,204,229,253,253,121,121,151,166,166,166,166],"floor_reached":51,"playtime":2376,"items_purged":["Defend_P","Conclude"],"score":1747,"play_id":"3e281538-2f61-432b-9d49-918d8ceb8f5e","local_time":"20220528145430","is_ascension_mode":true,"campfire_choices":[{"data":"Eruption","floor":7.0,"key":"SMITH"},{"floor":10.0,"key":"REST"},{"data":"FlurryOfBlows","floor":15.0,"key":"SMITH"},{"data":"Establishment","floor":23.0,"key":"SMITH"},{"floor":25.0,"key":"REST"},{"data":"CutThroughFate","floor":30.0,"key":"SMITH"},{"floor":32.0,"key":"REST"},{"data":"Adaptation","floor":41.0,"key":"SMITH"},{"floor":44.0,"key":"RECALL"},{"data":"EmptyMind","floor":49.0,"key":"SMITH"}],"neow_cost":"PERCENT_DAMAGE","seed_source_timestamp":0,"circlet_count":0,"master_deck":["AscendersBane","Eruption+1","Vigilance","Protect","CutThroughFate+1","CarveReality","Establishment+1","FlurryOfBlows+1","Tantrum","ClearTheMind","ClearTheMind+1","Devotion+1","Worship+1","InnerPeace+1","RitualDagger","EmptyFist","Ragnarok","MentalFortress","Adaptation+1","Meditate+1","MentalFortress+1","Flash of Steel","EmptyMind+1","InnerPeace","BattleHymn"],"special_seed":0,"relics":["PureWater","Omamori","StrikeDummy","Bronze Scales","Mercury Hourglass","Astrolabe","Membership Card","Bottled Flame","Yang","Blue Candle","Old Coin","SlaversCollar","Lee\u0027s Waffle","Happy Flower","WingedGreaves","Pocketwatch","Blood Vial","Orrery","Bottled Lightning"],"potions_floor_usage":[51],"damage_taken":[{"damage":7.0,"enemies":"Jaw Worm","floor":1.0,"turns":3.0},{"damage":0.0,"enemies":"Cultist","floor":3.0,"turns":3.0},{"damage":1.0,"enemies":"2 Louse","floor":5.0,"turns":2.0},{"damage":0.0,"enemies":"Lagavulin","floor":6.0,"turns":3.0},{"damage":20.0,"enemies":"3 Sentries","floor":8.0,"turns":3.0},{"damage":0.0,"enemies":"2 Fungi Beasts","floor":12.0,"turns":2.0},{"damage":0.0,"enemies":"Lagavulin","floor":13.0,"turns":3.0},{"damage":0.0,"enemies":"Gremlin Gang","floor":14.0,"turns":1.0},{"damage":22.0,"enemies":"Hexaghost","floor":16.0,"turns":5.0},{"damage":0.0,"enemies":"3 Byrds","floor":18.0,"turns":2.0},{"damage":0.0,"enemies":"Spheric Guardian","floor":19.0,"turns":1.0},{"damage":1.0,"enemies":"Centurion and Healer","floor":22.0,"turns":3.0},{"damage":10.0,"enemies":"Slavers","floor":24.0,"turns":2.0},{"damage":10.0,"enemies":"Gremlin Leader","floor":27.0,"turns":3.0},{"damage":0.0,"enemies":"Sentry and Sphere","floor":28.0,"turns":3.0},{"damage":31.0,"enemies":"Book of Stabbing","floor":31.0,"turns":4.0},{"damage":16.0,"enemies":"Automaton","floor":33.0,"turns":6.0},{"damage":11.0,"enemies":"Orb Walker","floor":35.0,"turns":2.0},{"damage":10.0,"enemies":"3 Shapes","floor":36.0,"turns":5.0},{"damage":0.0,"enemies":"Spire Growth","floor":39.0,"turns":3.0},{"damage":6.0,"enemies":"Reptomancer","floor":40.0,"turns":5.0},{"damage":14.0,"enemies":"Nemesis","floor":42.0,"turns":5.0},{"damage":0.0,"enemies":"Giant Head","floor":47.0,"turns":4.0},{"damage":7.0,"enemies":"Sphere and 2 Shapes","floor":48.0,"turns":3.0},{"damage":28.0,"enemies":"Time Eater","floor":50.0,"turns":7.0},{"damage":31,"enemies":"Awakened One","floor":51,"turns":2}],"seed_played":"-9100578360642059345","potions_obtained":[{"floor":1.0,"key":"Swift Potion"},{"floor":3.0,"key":"EssenceOfSteel"},{"floor":8.0,"key":"Ancient Potion"},{"floor":14.0,"key":"Explosive Potion"},{"floor":19.0,"key":"SkillPotion"},{"floor":24.0,"key":"Explosive Potion"},{"floor":28.0,"key":"LiquidMemories"},{"floor":33.0,"key":"Fruit Juice"},{"floor":36.0,"key":"LiquidBronze"},{"floor":39.0,"key":"DistilledChaos"},{"floor":42.0,"key":"Swift Potion"},{"floor":48.0,"key":"Energy Potion"}],"is_trial":false,"path_per_floor":["M","?","M","$","M","E","R","E","T","R","?","M","E","M","R","B",null,"M","M","$","?","M","R","E","R","T","E","M","?","R","E","R","B",null,"M","M","?","$","M","E","R","E","T","R","$","?","E","M","R","B","B"],"character_chosen":"WATCHER","items_purchased":["Conclude","Membership Card","Lee\u0027s Waffle","Adaptation","Happy Flower","WingedGreaves","Flash of Steel","Orrery"],"campfire_rested":3,"item_purchase_floors":[4,20,38,38,38,38,45,45],"current_hp_per_floor":[36,36,36,36,35,35,35,15,15,35,35,35,35,35,35,13,54,54,54,54,48,47,47,37,57,57,47,47,47,47,16,36,20,56,45,40,40,76,76,70,70,56,56,56,56,56,58,53,53,27,0],"gold":166,"neow_bonus":"REMOVE_TWO","is_prod":false,"is_daily":false,"chose_seed":false,"campfire_upgraded":6,"win_rate":0,"timestamp":1653774870,"path_taken":["M","?","?","?","M","E","R","E","T","R","?","M","E","M","R","BOSS","M","M","$","?","M","R","E","R","T","E","M","?","R","E","R","BOSS","M","?","?","$","M","E","R","E","T","R","$","?","E","M","R","BOSS","BOSS"],"build_version":"2022-03-07","purchased_purges":2,"victory":false,"max_hp_per_floor":[68,68,68,68,68,68,68,68,68,68,68,68,68,68,68,68,68,68,68,68,68,68,68,68,68,68,68,68,68,68,68,68,68,68,68,73,69,76,76,76,76,76,76,76,76,76,76,76,76,76,76],"card_choices":[{"not_picked":["Pray","Crescendo"],"picked":"Protect","floor":1.0},{"not_picked":["Halt","SashWhip"],"picked":"CutThroughFate","floor":3.0},{"not_picked":["Prostrate","PathToVictory"],"picked":"CarveReality","floor":5.0},{"not_picked":["FlyingSleeves","Perseverance"],"picked":"Establishment","floor":6.0},{"not_picked":["Crescendo","ForeignInfluence"],"picked":"FlurryOfBlows","floor":8.0},{"not_picked":["Evaluate","Sanctity","Prostrate"],"picked":"SKIP","floor":12.0},{"not_picked":["FlurryOfBlows","SashWhip"],"picked":"Tantrum","floor":13.0},{"not_picked":["Sanctity","PathToVictory"],"picked":"ClearTheMind","floor":14.0},{"not_picked":["Halt","ReachHeaven","CrushJoints"],"picked":"SKIP","floor":18.0},{"not_picked":["FlurryOfBlows","Consecrate"],"picked":"InnerPeace+1","floor":19.0},{"not_picked":["Prostrate","FlurryOfBlows"],"picked":"EmptyFist","floor":22.0},{"not_picked":["Sanctity","FlyingSleeves","Conclude"],"picked":"SKIP","floor":24.0},{"not_picked":["WreathOfFlame","DeceiveReality","Halt"],"picked":"SKIP","floor":27.0},{"not_picked":["EmptyFist","Alpha","Swivel"],"picked":"SKIP","floor":28.0},{"not_picked":["EmptyBody","BowlingBash","PathToVictory"],"picked":"SKIP","floor":31.0},{"not_picked":["DeusExMachina","Judgement"],"picked":"Ragnarok","floor":33.0},{"not_picked":["Pray","Meditate+1"],"picked":"MentalFortress","floor":35.0},{"not_picked":["Prostrate","SignatureMove","Vengeance"],"picked":"SKIP","floor":36.0},{"not_picked":["BowlingBash+1","InnerPeace"],"picked":"Meditate+1","floor":39.0},{"not_picked":["Protect","Adaptation+1"],"picked":"MentalFortress+1","floor":40.0},{"not_picked":["PathToVictory","Perseverance+1","CarveReality+1"],"picked":"SKIP","floor":42.0},{"not_picked":["ThirdEye","Study"],"picked":"EmptyMind","floor":45.0},{"not_picked":["EmptyBody","FearNoEvil"],"picked":"InnerPeace","floor":45.0},{"not_picked":["FollowUp+1","JustLucky"],"picked":"BattleHymn","floor":47.0},{"not_picked":["Crescendo","CutThroughFate","ReachHeaven"],"picked":"SKIP","floor":48.0}],"player_experience":1136313,"relics_obtained":[{"floor":6.0,"key":"Omamori"},{"floor":8.0,"key":"StrikeDummy"},{"floor":9.0,"key":"Bronze Scales"},{"floor":13.0,"key":"Mercury Hourglass"},{"floor":24.0,"key":"Bottled Flame"},{"floor":26.0,"key":"Yang"},{"floor":27.0,"key":"Blue Candle"},{"floor":31.0,"key":"Old Coin"},{"floor":40.0,"key":"Pocketwatch"},{"floor":42.0,"key":"Blood Vial"},{"floor":47.0,"key":"Bottled Lightning"}],"event_choices":[{"cards_removed":["Defend_P"],"damage_healed":0.0,"max_hp_gain":0.0,"max_hp_loss":0.0,"gold_gain":0.0,"event_name":"Purifier","player_choice":"Purged","floor":2.0,"gold_loss":0.0,"damage_taken":0.0},{"cards_removed":["Strike_P"],"damage_healed":0.0,"max_hp_gain":0.0,"max_hp_loss":0.0,"gold_gain":0.0,"event_name":"The Cleric","player_choice":"Card Removal","floor":11.0,"gold_loss":75.0,"damage_taken":0.0},{"damage_healed":0.0,"max_hp_gain":0.0,"max_hp_loss":0.0,"gold_gain":0.0,"event_name":"Nest","player_choice":"Joined the Cult","floor":21.0,"gold_loss":0.0,"damage_taken":6.0,"cards_obtained":["RitualDagger"]},{"damage_healed":0.0,"max_hp_gain":0.0,"max_hp_loss":0.0,"gold_gain":100.0,"event_name":"The Joust","player_choice":"Bet on Murderer","floor":29.0,"gold_loss":50.0,"damage_taken":0.0},{"damage_healed":0.0,"max_hp_gain":0.0,"max_hp_loss":4.0,"gold_gain":0.0,"event_name":"Winding Halls","player_choice":"Max HP","floor":37.0,"gold_loss":0.0,"damage_taken":0.0},{"damage_healed":0.0,"max_hp_gain":0.0,"max_hp_loss":0.0,"gold_gain":0.0,"event_name":"Tomb of Lord Red Mask","player_choice":"Ignored","floor":46.0,"gold_loss":0.0,"damage_taken":0.0}],"is_beta":false,"boss_relics":[{"not_picked":["Philosopher\u0027s Stone","Sozu"],"picked":"Astrolabe"},{"not_picked":["Cursed Key","Empty Cage"],"picked":"SlaversCollar"}],"items_purged_floors":[4,38],"is_endless":false,"potions_floor_spawned":[1,3,8,14,16,19,24,28,33,36,39,42,48],"killed_by":"Awakened One","ascension_level":20}