{"gold_per_floor":[14,31,31,31,31,62,62,72,95,95,121,121,133,167,167,246,246,256,256,282,351,351,351,378,378,378,378,413,426,186,212,212,284,284,297,372,391,663,713,725,176,176,176,205,223,237,77,104,104,104,104],"floor_reached":51,"playtime":1727,"items_purged":["Regret","Strike_P","Strike_P"],"score":1779,"play_id":"5135e590-5091-4310-bbd7-94cde72e72dc","local_time":"20220520143304","is_ascension_mode":true,"campfire_choices":[{"floor":7.0,"key":"REST"},{"data":"Ragnarok","floor":10.0,"key":"SMITH"},{"data":"TalkToTheHand","floor":12.0,"key":"SMITH"},{"data":"Tantrum","floor":15.0,"key":"SMITH"},{"data":"Violence","floor":23,"key":"SMITH"},{"data":"Eruption","floor":25,"key":"SMITH"},{"data":"FlurryOfBlows","floor":27,"key":"SMITH"},{"data":"MentalFortress","floor":32,"key":"SMITH"},{"floor":42,"key":"REST"},{"floor":49,"key":"RECALL"}],"neow_cost":"NO_GOLD","seed_source_timestamp":720558620834400,"circlet_count":0,"master_deck":["AscendersBane","Strike_P","Strike_P","Defend_P","Defend_P","Eruption+1","Vigilance","Violence+1","TalkToTheHand+1","Indignation","Ragnarok+1","FearNoEvil","Tantrum+1","FollowUp","Brilliance","WaveOfTheHand","FlurryOfBlows+1","MentalFortress+1","Master of Strategy","TalkToTheHand","ClearTheMind+1","TalkToTheHand"],"special_seed":0,"relics":["PureWater","Juzu Bracelet","Bag of Preparation","Lantern","Oddly Smooth Stone","Cursed Key","MutagenicStrength","Red Mask","SsserpentHead","Ancient Tea Set","Happy Flower","Sundial","Fusion Hammer","Torii","Bottled Lightning","Unceasing Top","Strawberry"],"potions_floor_usage":[28,50,51],"damage_taken":[{"damage":8.0,"enemies":"2 Louse","floor":1.0,"turns":3.0},{"damage":3.0,"enemies":"Small Slimes","floor":2.0,"turns":4.0},{"damage":52.0,"enemies":"3 Sentries","floor":6.0,"turns":5.0},{"damage":0.0,"enemies":"Jaw Worm","floor":8.0,"turns":1.0},{"damage":0.0,"enemies":"Gremlin Nob","floor":11.0,"turns":2.0},{"damage":0.0,"enemies":"Gremlin Gang","floor":13.0,"turns":1.0},{"damage":0.0,"enemies":"3 Sentries","floor":14.0,"turns":2.0},{"damage":22,"enemies":"The Guardian","floor":16,"turns":5},{"damage":0,"enemies":"Spheric Guardian","floor":18,"turns":1},{"damage":0,"enemies":"Masked Bandits","floor":20,"turns":1},{"damage":0,"enemies":"Gremlin Leader","floor":24,"turns":2},{"damage":14,"enemies":"Book of Stabbing","floor":28,"turns":2},{"damage":4,"enemies":"Shell Parasite","floor":29,"turns":2},{"damage":0,"enemies":"Gremlin Leader","floor":31,"turns":1},{"damage":24,"enemies":"Collector","floor":33,"turns":4},{"damage":7,"enemies":"Orb Walker","floor":35,"turns":3},{"damage":18,"enemies":"Mind Bloom Boss Battle","floor":36,"turns":4},{"damage":2,"enemies":"3 Darklings","floor":37,"turns":4},{"damage":0,"enemies":"Spire Growth","floor":40,"turns":2},{"damage":0,"enemies":"Giant Head","floor":44,"turns":2},{"damage":0,"enemies":"Writhing Mass","floor":45,"turns":1},{"damage":27,"enemies":"Sphere and 2 Shapes","floor":46,"turns":1},{"damage":0,"enemies":"Nemesis","floor":48,"turns":5},{"damage":18,"enemies":"Time Eater","floor":50,"turns":10},{"damage":28,"enemies":"Awakened One","floor":51,"turns":4}],"seed_played":"5416060526250783935","potions_obtained":[{"floor":6.0,"key":"GamblersBrew"},{"floor":11.0,"key":"BlessingOfTheForge"},{"floor":13.0,"key":"PowerPotion"},{"floor":18,"key":"ColorlessPotion"},{"floor":20,"key":"Weak Potion"}],"is_trial":false,"path_per_floor":["M","M","?","?","?","E","R","M","T","R","E","R","M","E","R","B",null,"M","?","?","T","?","R","E","R","T","R","E","M","$","E","R","B",null,"M","?","M","?","?","M","$","R","T","E","M","M","$","E","R","B","B"],"character_chosen":"WATCHER","items_purchased":["MentalFortress","EssenceOfSteel","Bottled Lightning","Master of Strategy","TalkToTheHand"],"campfire_rested":2,"item_purchase_floors":[30,30,41,41,47],"current_hp_per_floor":[53,50,50,68,61,9,29,29,29,29,29,29,29,29,29,7,53,53,53,53,53,53,53,53,53,53,53,39,35,35,35,35,11,54,47,29,27,27,27,27,27,47,47,47,47,20,20,27,27,9,0],"gold":104,"neow_bonus":"RANDOM_COLORLESS_2","is_prod":false,"is_daily":false,"chose_seed":false,"campfire_upgraded":7,"win_rate":0,"timestamp":1653082384,"path_taken":["M","M","?","?","?","E","R","M","T","R","E","R","M","E","R","BOSS","M","?","?","?","?","R","E","R","T","R","E","M","$","E","R","BOSS","M","?","M","?","?","M","$","R","T","E","M","M","?","E","R","BOSS","BOSS"],"build_version":"2022-03-07","purchased_purges":3,"victory":false,"max_hp_per_floor":[68,68,68,68,68,68,68,68,68,68,68,68,68,68,68,68,68,68,68,68,68,68,68,68,68,68,68,68,68,68,68,68,68,68,68,68,68,68,68,68,68,68,68,68,68,68,68,75,75,75,75],"card_choices":[{"not_picked":["Thinking Ahead","Chrysalis"],"picked":"Violence","floor":0.0},{"not_picked":["BowlingBash","EmptyFist"],"picked":"TalkToTheHand","floor":1.0},{"not_picked":["Prostrate","BattleHymn"],"picked":"Indignation","floor":2.0},{"not_picked":["SignatureMove","Scrawl"],"picked":"FearNoEvil","floor":6.0},{"not_picked":["Crescendo","SashWhip"],"picked":"Tantrum","floor":8.0},{"not_picked":["PathToVictory","Pray"],"picked":"FollowUp","floor":11.0},{"not_picked":["CutThroughFate","ThirdEye","JustLucky"],"picked":"SKIP","floor":13.0},{"not_picked":["Worship","Evaluate"],"picked":"Brilliance","floor":14.0},{"not_picked":["Protect","Crescendo"],"picked":"WaveOfTheHand","floor":18},{"not_picked":["CrushJoints","PathToVictory"],"picked":"FlurryOfBlows","floor":20},{"not_picked":["Omniscience","Study","Prostrate"],"picked":"SKIP","floor":24},{"not_picked":["JustLucky","MasterReality","ForeignInfluence"],"picked":"SKIP","floor":28},{"not_picked":["Consecrate+1","BattleHymn","Pray"],"picked":"SKIP","floor":29},{"not_picked":["FlyingSleeves","SashWhip","Nirvana"],"picked":"SKIP","floor":31},{"not_picked":["Pray","Crescendo","SashWhip"],"picked":"SKIP","floor":35},{"not_picked":["Protect","Nirvana","ClearTheMind"],"picked":"SKIP","floor":37},{"not_picked":["Crescendo","BattleHymn+1","JustLucky+1"],"picked":"SKIP","floor":40},{"not_picked":["ClearTheMind","CrushJoints"],"picked":"TalkToTheHand","floor":44},{"not_picked":["EmptyFist","EmptyBody+1","Tantrum"],"picked":"SKIP","floor":45},{"not_picked":["PathToVictory","Conclude"],"picked":"ClearTheMind+1","floor":46},{"not_picked":["DeusExMachina","Sanctity","Swivel"],"picked":"SKIP","floor":48}],"player_experience":1099871,"relics_obtained":[{"floor":6.0,"key":"Juzu Bracelet"},{"floor":9.0,"key":"Bag of Preparation"},{"floor":11.0,"key":"Lantern"},{"floor":14.0,"key":"Oddly Smooth Stone"},{"floor":20,"key":"Red Mask"},{"floor":24,"key":"Ancient Tea Set"},{"floor":28,"key":"Happy Flower"},{"floor":31,"key":"Sundial"},{"floor":36,"key":"Torii"},{"floor":44,"key":"Unceasing Top"},{"floor":48,"key":"Strawberry"}],"event_choices":[{"damage_healed":0.0,"max_hp_gain":0.0,"max_hp_loss":0.0,"gold_gain":0.0,"cards_transformed":["Defend_P"],"event_name":"Living Wall","player_choice":"Change","floor":3.0,"gold_loss":0.0,"damage_taken":0.0,"cards_obtained":["Ragnarok"]},{"damage_healed":22.0,"max_hp_gain":0.0,"max_hp_loss":0.0,"gold_gain":0.0,"event_name":"Big Fish","player_choice":"Banana","floor":4.0,"gold_loss":0.0,"damage_taken":0.0},{"cards_removed":["Defend_P"],"damage_healed":0.0,"max_hp_gain":0.0,"max_hp_loss":0.0,"gold_gain":0.0,"event_name":"Golden Wing","player_choice":"Card Removal","floor":5.0,"gold_loss":0.0,"damage_taken":7.0},{"damage_healed":0,"gold_gain":0,"player_choice":"Inject Mutagens","damage_taken":0,"relics_obtained":["MutagenicStrength"],"max_hp_gain":0,"max_hp_loss":0,"event_name":"Drug Dealer","floor":19,"gold_loss":0},{"damage_healed":0,"gold_gain":0,"player_choice":"Fought Bandits","damage_taken":0,"max_hp_gain":0,"max_hp_loss":0,"event_name":"Masked Bandits","floor":20,"gold_loss":0},{"damage_healed":0,"gold_gain":0,"player_choice":"Trade","damage_taken":0,"relics_obtained":["SsserpentHead"],"max_hp_gain":0,"max_hp_loss":0,"event_name":"FaceTrader","floor":22,"gold_loss":0},{"damage_healed":0,"gold_gain":0,"player_choice":"Fight","damage_taken":0,"max_hp_gain":0,"max_hp_loss":0,"event_name":"MindBloom","floor":36,"gold_loss":0},{"damage_healed":0,"gold_gain":222,"player_choice":"Wore Mask","damage_taken":0,"max_hp_gain":0,"max_hp_loss":0,"event_name":"Tomb of Lord Red Mask","floor":38,"gold_loss":0},{"damage_healed":0,"gold_gain":0,"player_choice":"Memory 1","damage_taken":0,"max_hp_gain":0,"max_hp_loss":0,"event_name":"SensoryStone","floor":39,"gold_loss":0}],"is_beta":false,"boss_relics":[{"not_picked":["Tiny House","Philosopher\u0027s Stone"],"picked":"Cursed Key"},{"not_picked":["VioletLotus","Busted Crown"],"picked":"Fusion Hammer"}],"items_purged_floors":[30,41,47],"is_endless":false,"potions_floor_spawned":[6,11,13,18,20,31,40,45,46],"killed_by":"Awakened One","ascension_level":20}