{"gold_per_floor":[114,79,89,89,14,33,33,68,68,97,97,114,132,112,112,112],"floor_reached":16,"playtime":433,"items_purged":["Strike_R"],"score":220,"play_id":"4506ad6c-957b-458a-86f3-1fd1bf95c310","local_time":"20220529232522","is_ascension_mode":true,"campfire_choices":[{"data":"Fiend Fire","floor":7,"key":"SMITH"},{"data":"Bash","floor":15,"key":"SMITH"}],"neow_cost":"PERCENT_DAMAGE","seed_source_timestamp":161167102450100,"circlet_count":0,"master_deck":["AscendersBane","Strike_R","Strike_R","Strike_R","Defend_R","Defend_R","Defend_R","Defend_R","Bash+1","Fiend Fire+1","Thunderclap","Spot Weakness","Cleave+1","Pommel Strike","Limit Break+1","Power Through","Shrug It Off"],"relics":["Burning Blood","Lantern","Singing Bowl","StrikeDummy"],"potions_floor_usage":[8,10],"damage_taken":[{"damage":7,"enemies":"Jaw Worm","floor":1,"turns":3},{"damage":17,"enemies":"Small Slimes","floor":3,"turns":4},{"damage":4,"enemies":"2 Louse","floor":6,"turns":3},{"damage":24,"enemies":"Gremlin Nob","floor":8,"turns":4},{"damage":16,"enemies":"3 Sentries","floor":10,"turns":7},{"damage":3,"enemies":"Blue Slaver","floor":12,"turns":3},{"damage":1,"enemies":"Looter","floor":13,"turns":3},{"damage":2,"enemies":"Hexaghost","floor":16,"turns":7}],"seed_played":"-3770249049366744397","potions_obtained":[{"floor":1,"key":"Weak Potion"},{"floor":6,"key":"PowerPotion"},{"floor":14,"key":"Block Potion"}],"is_trial":false,"path_per_floor":["M","?","M","?","$","M","R","E","T","E","?","M","M","?","R","B"],"character_chosen":"IRONCLAD","items_purchased":[],"campfire_rested":0,"item_purchase_floors":[],"current_hp_per_floor":[49,67,56,56,56,58,58,40,40,30,7,12,17,17,17,15],"gold":112,"neow_bonus":"THREE_RARE_CARDS","is_prod":false,"is_daily":false,"chose_seed":false,"campfire_upgraded":2,"win_rate":0,"timestamp":1653891922,"path_taken":["M","?","M","?","?","M","R","E","T","E","?","?","M","?","R","BOSS"],"build_version":"2022-03-07","purchased_purges":1,"victory":false,"max_hp_per_floor":[75,75,75,75,75,75,75,75,75,75,75,77,77,77,77,77],"card_choices":[{"not_picked":["Exhume","Barricade"],"picked":"Fiend Fire","floor":0},{"not_picked":["Dual Wield","Iron Wave"],"picked":"Thunderclap","floor":1},{"not_picked":["Warcry","Clothesline"],"picked":"Spot Weakness","floor":3},{"not_picked":["Sentinel","Flex"],"picked":"Pommel Strike","floor":6},{"not_picked":["Demon Form","Body Slam"],"picked":"Limit Break","floor":8},{"not_picked":["Sword Boomerang","Dropkick"],"picked":"Power Through","floor":10},{"not_picked":["Cleave","Flex","Warcry"],"picked":"Singing Bowl","floor":12},{"not_picked":["Clash","Armaments"],"picked":"Shrug It Off","floor":13}],"player_experience":1140808,"relics_obtained":[{"floor":8,"key":"Lantern"},{"floor":9,"key":"Singing Bowl"},{"floor":10,"key":"StrikeDummy"}],"event_choices":[{"damage_healed":18,"gold_gain":0,"player_choice":"Healed","damage_taken":0,"max_hp_gain":0,"max_hp_loss":0,"event_name":"The Cleric","floor":2,"gold_loss":35},{"damage_healed":0,"gold_gain":0,"cards_transformed":["Strike_R"],"player_choice":"Change","damage_taken":0,"max_hp_gain":0,"max_hp_loss":0,"event_name":"Living Wall","floor":4,"gold_loss":0,"cards_obtained":["Cleave"]},{"damage_healed":0,"gold_gain":0,"player_choice":"Entered Light","damage_taken":23,"max_hp_gain":0,"max_hp_loss":0,"event_name":"Shining Light","floor":11,"gold_loss":0,"cards_upgraded":["Limit Break","Cleave"]},{"damage_healed":0,"gold_gain":0,"player_choice":"Bought 1 Potion","damage_taken":0,"max_hp_gain":0,"max_hp_loss":0,"event_name":"The Woman in Blue","floor":14,"gold_loss":0}],"is_beta":false,"boss_relics":[],"items_purged_floors":[5],"is_endless":false,"potions_floor_spawned":[1,6],"killed_by":"Hexaghost","ascension_level":20}