{"gold_per_floor":[110,120,131,203,203,231,231,66,121,121,149,164,183,30,30,103,103,118,134,134,134,184,209,224,224,248,282,293,323,335,361,361,435,435,447,447,458,458,133,133,160,179,260,307,104,130,146,162,162,162,162],"floor_reached":51,"playtime":6225,"items_purged":["Strike_G","Strike_G","Strike_G","Writhe"],"score":1865,"play_id":"02167832-6fff-4103-b6eb-239e822f647c","local_time":"20220525200220","is_ascension_mode":true,"campfire_choices":[{"data":"Adrenaline","floor":7.0,"key":"SMITH"},{"data":"Accuracy","floor":15.0,"key":"SMITH"},{"data":"Blade Dance","floor":25.0,"key":"SMITH"},{"data":"Ghostly","floor":32,"key":"SMITH"},{"data":"Wraith Form v2","floor":40,"key":"SMITH"},{"floor":49,"key":"RECALL"}],"neow_cost":"NONE","seed_source_timestamp":76654041050300,"circlet_count":0,"master_deck":["AscendersBane","Strike_G","Defend_G","Defend_G","Defend_G+1","Defend_G","Defend_G+1","Survivor","Neutralize","Dash","Masterful Stab","Leg Sweep","Adrenaline+1","Blade Dance","Accuracy+1","Deadly Poison","Blade Dance+1","Corpse Explosion","Prepared","Ghostly+1","Ghostly","Ghostly","Venomology","Backflip","Well Laid Plans","Finisher+1","Escape Plan","Wraith Form v2+1","Noxious Fumes","Catalyst","Outmaneuver+1","Backflip","Acrobatics","Escape Plan","Escape Plan"],"special_seed":0,"relics":["Ring of the Snake","NeowsBlessing","Snake Skull","Bag of Preparation","War Paint","Ginger","HoveringKite","Bag of Marbles","Orichalcum","Molten Egg 2","Incense Burner","Anchor","Cursed Key","OrangePellets","Art of War","Du-Vu Doll","Thread and Needle"],"potions_floor_usage":[29,29,29,30,31,33,33,44,46,47,48,50,50],"damage_taken":[{"damage":0.0,"enemies":"2 Louse","floor":1.0,"turns":1.0},{"damage":0.0,"enemies":"Small Slimes","floor":2.0,"turns":1.0},{"damage":0.0,"enemies":"Jaw Worm","floor":3.0,"turns":1.0},{"damage":25.0,"enemies":"3 Sentries","floor":6.0,"turns":10.0},{"damage":10.0,"enemies":"Gremlin Nob","floor":11.0,"turns":4.0},{"damage":3.0,"enemies":"3 Louse","floor":12.0,"turns":4.0},{"damage":0.0,"enemies":"2 Fungi Beasts","floor":13.0,"turns":3.0},{"damage":1.0,"enemies":"Hexaghost","floor":16.0,"turns":9.0},{"damage":1.0,"enemies":"Shell Parasite","floor":18.0,"turns":3.0},{"damage":0.0,"enemies":"3 Byrds","floor":19.0,"turns":1.0},{"damage":0.0,"enemies":"Book of Stabbing","floor":23.0,"turns":4.0},{"damage":2.0,"enemies":"Centurion and Healer","floor":24.0,"turns":5.0},{"damage":1.0,"enemies":"Slavers","floor":27.0,"turns":4.0},{"damage":0.0,"enemies":"Snake Plant","floor":28.0,"turns":4.0},{"damage":5,"enemies":"Gremlin Leader","floor":29,"turns":4},{"damage":0,"enemies":"Cultist and Chosen","floor":30,"turns":3},{"damage":0,"enemies":"Book of Stabbing","floor":31,"turns":5},{"damage":12,"enemies":"Champ","floor":33,"turns":14},{"damage":0,"enemies":"3 Darklings","floor":35,"turns":4},{"damage":0,"enemies":"Orb Walker","floor":37,"turns":3},{"damage":0,"enemies":"Reptomancer","floor":41,"turns":5},{"damage":0,"enemies":"Maw","floor":42,"turns":6},{"damage":4,"enemies":"2 Orb Walkers","floor":44,"turns":6},{"damage":0,"enemies":"Nemesis","floor":46,"turns":7},{"damage":0,"enemies":"Jaw Worm Horde","floor":47,"turns":4},{"damage":0,"enemies":"Writhing Mass","floor":48,"turns":7},{"damage":0,"enemies":"Donu and Deca","floor":50,"turns":9},{"damage":27,"enemies":"Time Eater","floor":51,"turns":4}],"seed_played":"-1423986807336147999","potions_obtained":[{"floor":1.0,"key":"AttackPotion"},{"floor":6.0,"key":"EssenceOfSteel"},{"floor":12.0,"key":"CunningPotion"},{"floor":27.0,"key":"Swift Potion"},{"floor":29,"key":"AttackPotion"},{"floor":30,"key":"Strength Potion"},{"floor":33,"key":"SteroidPotion"},{"floor":35,"key":"CunningPotion"},{"floor":41,"key":"DuplicationPotion"}],"is_trial":false,"path_per_floor":["M","M","M","?","?","E","R","$","T","T","E","M","M","$","R","B",null,"M","M","?","?","?","E","M","R","T","E","M","E","M","E","R","B",null,"M","?","M","?","$","R","E","M","T","?","$","E","M","M","R","B","B"],"character_chosen":"THE_SILENT","items_purchased":["Accuracy","Blade Dance","OrangePellets","Catalyst","Acrobatics"],"campfire_rested":0,"item_purchase_floors":[8,14,39,39,45],"current_hp_per_floor":[59,59,59,59,59,34,34,34,34,34,24,21,21,21,21,20,55,54,54,33,33,33,33,31,31,31,30,33,28,28,28,28,16,29,29,29,29,29,29,29,29,29,29,25,25,25,25,25,25,25,0],"gold":162,"neow_bonus":"THREE_ENEMY_KILL","is_prod":false,"is_daily":false,"chose_seed":false,"campfire_upgraded":5,"win_rate":0,"timestamp":1653534140,"path_taken":["M","M","M","?","?","E","R","$","T","?","E","M","M","$","R","BOSS","M","M","?","?","?","E","M","R","T","E","M","E","M","E","R","BOSS","M","?","M","?","$","R","E","M","T","?","$","E","M","M","R","BOSS","BOSS"],"build_version":"2022-03-07","purchased_purges":4,"victory":false,"max_hp_per_floor":[66,66,66,66,66,66,66,66,66,66,66,66,66,66,66,66,66,66,66,33,33,33,33,33,33,33,33,33,33,33,33,33,33,33,33,31,31,31,31,31,31,31,31,31,31,31,31,31,31,31,31],"card_choices":[{"not_picked":["Bane","Acrobatics"],"picked":"Dash","floor":1.0},{"not_picked":["Flying Knee","Skewer"],"picked":"Masterful Stab","floor":2.0},{"not_picked":["Endless Agony","Dagger Throw"],"picked":"Leg Sweep","floor":3.0},{"not_picked":["Doppelganger","Acrobatics"],"picked":"Blade Dance","floor":6.0},{"not_picked":["Slice","PiercingWail"],"picked":"Deadly Poison","floor":11.0},{"not_picked":["Bane","Dodge and Roll","Endless Agony"],"picked":"SKIP","floor":12.0},{"not_picked":["Heel Hook","Poisoned Stab","Deflect"],"picked":"SKIP","floor":13.0},{"not_picked":["Tools of the Trade","Bullet Time"],"picked":"Corpse Explosion","floor":16.0},{"not_picked":["Quick Slash","Slice"],"picked":"Prepared","floor":18.0},{"not_picked":["Poisoned Stab","Distraction","Riddle With Holes"],"picked":"SKIP","floor":19.0},{"not_picked":["Underhanded Strike","Blade Dance"],"picked":"Venomology","floor":23.0},{"not_picked":["Dagger Throw","Sucker Punch"],"picked":"Backflip","floor":24.0},{"not_picked":["Blade Dance","Quick Slash+1"],"picked":"Well Laid Plans","floor":27.0},{"not_picked":["Cloak And Dagger","Outmaneuver"],"picked":"Finisher+1","floor":28.0},{"not_picked":["Glass Knife+1","Underhanded Strike+1","Quick Slash+1"],"picked":"SKIP","floor":29},{"not_picked":["PiercingWail","Expertise"],"picked":"Escape Plan","floor":30},{"not_picked":["Backstab+1","Quick Slash+1","Endless Agony+1"],"picked":"SKIP","floor":31},{"not_picked":["Doppelganger","Corpse Explosion"],"picked":"Wraith Form v2","floor":33},{"not_picked":["Acrobatics+1","Flying Knee+1"],"picked":"Noxious Fumes","floor":35},{"not_picked":["Expertise","Dagger Throw+1","Finisher+1"],"picked":"SKIP","floor":37},{"not_picked":["Concentrate","Blade Dance"],"picked":"Outmaneuver+1","floor":41},{"not_picked":["Riddle With Holes+1","Dagger Spray+1"],"picked":"Backflip","floor":42},{"not_picked":["Setup","Dagger Spray+1","Slice+1"],"picked":"SKIP","floor":46},{"not_picked":["Sucker Punch+1","Eviscerate+1"],"picked":"Escape Plan","floor":47},{"not_picked":["Sucker Punch+1","Tactician"],"picked":"Escape Plan","floor":48}],"player_experience":1116536,"relics_obtained":[{"floor":6.0,"key":"Snake Skull"},{"floor":9.0,"key":"Bag of Preparation"},{"floor":10.0,"key":"War Paint"},{"floor":11.0,"key":"Ginger"},{"floor":23.0,"key":"Bag of Marbles"},{"floor":26.0,"key":"Orichalcum"},{"floor":27.0,"key":"Molten Egg 2"},{"floor":29,"key":"Incense Burner"},{"floor":31,"key":"Anchor"},{"floor":41,"key":"Art of War"},{"floor":44,"key":"Du-Vu Doll"},{"floor":46,"key":"Thread and Needle"}],"event_choices":[{"damage_healed":0.0,"max_hp_gain":0.0,"max_hp_loss":0.0,"gold_gain":72.0,"event_name":"Golden Wing","player_choice":"Gained Gold","floor":4.0,"gold_loss":0.0,"damage_taken":0.0},{"damage_healed":0.0,"max_hp_gain":0.0,"max_hp_loss":0.0,"gold_gain":0.0,"cards_transformed":["Strike_G"],"event_name":"Living Wall","player_choice":"Change","floor":5.0,"gold_loss":0.0,"damage_taken":0.0,"cards_obtained":["Adrenaline"]},{"damage_healed":0.0,"max_hp_gain":0.0,"max_hp_loss":33.0,"gold_gain":0.0,"event_name":"Ghosts","player_choice":"Became a Ghost","floor":20.0,"gold_loss":0.0,"damage_taken":0.0,"cards_obtained":["Ghostly","Ghostly","Ghostly"]},{"damage_healed":0.0,"max_hp_gain":0.0,"max_hp_loss":0.0,"gold_gain":0.0,"event_name":"The Mausoleum","player_choice":"Ignored","floor":21.0,"gold_loss":0.0,"damage_taken":0.0},{"damage_healed":0.0,"max_hp_gain":0.0,"max_hp_loss":0.0,"gold_gain":50.0,"event_name":"Nest","player_choice":"Stole From Cult","floor":22.0,"gold_loss":0.0,"damage_taken":0.0},{"damage_healed":0,"gold_gain":0,"player_choice":"Max HP","damage_taken":0,"max_hp_gain":0,"max_hp_loss":2,"event_name":"Winding Halls","floor":36,"gold_loss":0},{"damage_healed":0,"gold_gain":0,"player_choice":"Ignored","damage_taken":0,"max_hp_gain":0,"max_hp_loss":0,"event_name":"Tomb of Lord Red Mask","floor":38,"gold_loss":0},{"damage_healed":0,"gold_gain":0,"player_choice":"Fight","damage_taken":0,"max_hp_gain":0,"max_hp_loss":0,"event_name":"Mysterious Sphere","floor":44,"gold_loss":0}],"is_beta":false,"boss_relics":[{"not_picked":["Sozu","Fusion Hammer"],"picked":"HoveringKite"},{"not_picked":["Astrolabe","Empty Cage"],"picked":"Cursed Key"}],"items_purged_floors":[8,14,39,45],"is_endless":false,"potions_floor_spawned":[1,6,12,16,27,29,30,31,33,35,41,44,47,48],"killed_by":"Time Eater","ascension_level":20}