{"gold_per_floor":[115,127,127,52,62,62,87,97,120,139,157,189,189,216,216,294,294,271,283,310,310,328,328,360,360,360,285,31,45,62,77,77,150,150,162,162,174,186,200,235,64,95,122,122,122,122,122,150,150,150,150,150,150,25,51,51],"floor_reached":57,"playtime":3259,"items_purged":["Pain","Strike_R","Sever Soul+1"],"score":3239,"play_id":"349d2015-72a9-4dd9-a249-623379852943","local_time":"20220531130115","is_ascension_mode":true,"campfire_choices":[{"data":"Bash","floor":6.0,"key":"SMITH"},{"data":"Fire Breathing","floor":13.0,"key":"SMITH"},{"floor":15.0,"key":"REST"},{"floor":23.0,"key":"REST"},{"floor":25.0,"key":"REST"},{"data":"Dark Embrace","floor":32.0,"key":"SMITH"},{"floor":44,"key":"RECALL"},{"data":"Body Slam","floor":46,"key":"SMITH"},{"data":"Dark Embrace","floor":49,"key":"SMITH"},{"data":"Armaments","floor":53,"key":"SMITH"}],"neow_cost":"NONE","seed_source_timestamp":0,"circlet_count":0,"master_deck":["AscendersBane","Defend_R","Defend_R","Defend_R","Bash+1","Body Slam+1","Armaments+1","Metallicize","Power Through","Battle Trance","Fire Breathing+1","Clothesline","Corruption+1","Fiend Fire","Dark Embrace+1","Power Through","True Grit","Disarm","Offering","Evolve+1","Offering","Power Through+1","Entrench+1","Body Slam+1","True Grit+1","Dropkick+1","True Grit+1","Dual Wield","Dark Embrace+1","Intimidate+1"],"special_seed":0,"relics":["Burning Blood","WarpedTongs","Toy Ornithopter","Dream Catcher","Dead Branch","Empty Cage","Red Mask","Gambling Chip","FossilizedHelix","Astrolabe","Regal Pillow","Sundial","Nunchaku","Mercury Hourglass","Vajra"],"potions_floor_usage":[55,56,56],"damage_taken":[{"damage":10.0,"enemies":"Small Slimes","floor":1.0,"turns":4.0},{"damage":1.0,"enemies":"Cultist","floor":2.0,"turns":3.0},{"damage":6.0,"enemies":"Jaw Worm","floor":5.0,"turns":5.0},{"damage":0.0,"enemies":"Lagavulin","floor":7.0,"turns":6.0},{"damage":6.0,"enemies":"Exordium Wildlife","floor":8.0,"turns":4.0},{"damage":13.0,"enemies":"Exordium Thugs","floor":10.0,"turns":6.0},{"damage":3.0,"enemies":"Blue Slaver","floor":11.0,"turns":4.0},{"damage":36.0,"enemies":"Gremlin Nob","floor":12.0,"turns":5.0},{"damage":22.0,"enemies":"3 Sentries","floor":14.0,"turns":5.0},{"damage":47.0,"enemies":"The Guardian","floor":16.0,"turns":11.0},{"damage":22.0,"enemies":"2 Thieves","floor":18.0,"turns":4.0},{"damage":0.0,"enemies":"Spheric Guardian","floor":19.0,"turns":3.0},{"damage":57.0,"enemies":"Masked Bandits","floor":20.0,"turns":5.0},{"damage":6.0,"enemies":"Chosen and Byrds","floor":22.0,"turns":3.0},{"damage":12.0,"enemies":"Book of Stabbing","floor":24.0,"turns":4.0},{"damage":0.0,"enemies":"Snecko","floor":29.0,"turns":5.0},{"damage":3.0,"enemies":"Cultist and Chosen","floor":30.0,"turns":3.0},{"damage":0.0,"enemies":"Centurion and Healer","floor":31.0,"turns":6.0},{"damage":27.0,"enemies":"Champ","floor":33.0,"turns":8.0},{"damage":0.0,"enemies":"3 Darklings","floor":35.0,"turns":5.0},{"damage":0.0,"enemies":"Orb Walker","floor":37.0,"turns":1.0},{"damage":0.0,"enemies":"4 Shapes","floor":38.0,"turns":3.0},{"damage":0.0,"enemies":"Spire Growth","floor":39.0,"turns":2.0},{"damage":6.0,"enemies":"Nemesis","floor":40.0,"turns":5.0},{"damage":6,"enemies":"Reptomancer","floor":42,"turns":2},{"damage":0,"enemies":"Nemesis","floor":48,"turns":3},{"damage":0,"enemies":"Donu and Deca","floor":50,"turns":6},{"damage":0,"enemies":"Awakened One","floor":51,"turns":5},{"damage":6,"enemies":"Shield and Spear","floor":55,"turns":4},{"damage":61,"enemies":"The Heart","floor":56,"turns":8}],"seed_played":"2925227411181431204","potions_obtained":[{"floor":1.0,"key":"GamblersBrew"},{"floor":2.0,"key":"PowerPotion"},{"floor":10.0,"key":"Fruit Juice"},{"floor":14.0,"key":"BlessingOfTheForge"},{"floor":18.0,"key":"Block Potion"},{"floor":20.0,"key":"LiquidBronze"},{"floor":22.0,"key":"SmokeBomb"},{"floor":30.0,"key":"Regen Potion"},{"floor":33.0,"key":"FearPotion"},{"floor":38.0,"key":"PowerPotion"},{"floor":55,"key":"Strength Potion"}],"is_trial":false,"path_per_floor":["M","M","?","$","M","R","E","M","T","M","M","E","R","E","R","B",null,"M","M","?","?","M","R","E","R","T","?","$","M","M","M","R","B",null,"M","?","M","M","M","E","$","E","T","R","$","R","$","E","R","B","B",null,"R","$","E","B",null],"character_chosen":"IRONCLAD","items_purchased":["Offering","Dark Embrace","DuplicationPotion"],"campfire_rested":3,"item_purchase_floors":[28,41,41],"current_hp_per_floor":[64,69,69,69,69,69,75,75,75,68,71,45,45,29,51,25,66,50,61,10,10,15,39,33,57,57,57,57,63,66,72,72,67,77,80,80,80,80,80,80,80,80,80,80,80,80,80,80,80,80,80,80,80,80,80,25],"gold":51,"neow_bonus":"TRANSFORM_CARD","is_prod":false,"is_daily":false,"chose_seed":false,"campfire_upgraded":6,"win_rate":0,"timestamp":1654027275,"path_taken":["M","M","?","$","M","R","E","M","T","M","?","E","R","E","R","BOSS","M","M","?","?","?","R","E","R","T","?","$","M","M","M","R","BOSS","M","?","?","M","?","E","$","E","T","R","$","R","$","E","R","BOSS","BOSS","R","$","E","BOSS"],"build_version":"2022-03-07","purchased_purges":3,"victory":true,"max_hp_per_floor":[75,75,75,75,75,75,75,75,75,75,75,75,75,75,75,80,80,80,80,80,80,80,80,80,80,80,80,80,80,80,80,80,80,80,80,80,80,80,80,80,80,80,80,80,80,80,80,80,80,80,80,80,80,80,80,80],"card_choices":[{"not_picked":["Reckless Charge","Body Slam"],"picked":"Twin Strike","floor":1.0},{"not_picked":["Sever Soul","True Grit"],"picked":"Armaments","floor":2.0},{"not_picked":["Twin Strike","Flex","Havoc"],"picked":"SKIP","floor":5.0},{"not_picked":["Infernal Blade","Rampage"],"picked":"Metallicize","floor":7.0},{"not_picked":["Clash","Pummel"],"picked":"Power Through","floor":8.0},{"not_picked":["Pummel","Flex","Havoc"],"picked":"SKIP","floor":10.0},{"not_picked":["Infernal Blade","Iron Wave"],"picked":"Battle Trance","floor":11.0},{"not_picked":["True Grit","Dual Wield"],"picked":"Fire Breathing","floor":12.0},{"not_picked":["Sever Soul","Headbutt"],"picked":"Clothesline","floor":14.0},{"not_picked":["Shrug It Off","Sword Boomerang"],"picked":"Corruption","floor":15.0},{"not_picked":["Impervious","Exhume"],"picked":"Fiend Fire","floor":16.0},{"not_picked":["Sword Boomerang","Heavy Blade"],"picked":"Warcry","floor":18.0},{"not_picked":["Thunderclap","Clash"],"picked":"Dark Embrace","floor":19.0},{"not_picked":["Twin Strike","Cleave"],"picked":"Power Through","floor":20.0},{"not_picked":["Perfected Strike","Infernal Blade","Iron Wave"],"picked":"SKIP","floor":22.0},{"not_picked":["Pummel","Armaments"],"picked":"True Grit","floor":23.0},{"not_picked":["Clothesline","Demon Form","Pommel Strike"],"picked":"SKIP","floor":24.0},{"not_picked":["Iron Wave","Perfected Strike"],"picked":"Disarm","floor":25.0},{"not_picked":["Havoc","Dark Embrace","Clash"],"picked":"SKIP","floor":29.0},{"not_picked":["Headbutt","Fire Breathing"],"picked":"Evolve+1","floor":30.0},{"not_picked":["Battle Trance","Wild Strike","Headbutt+1"],"picked":"SKIP","floor":31.0},{"not_picked":["Juggernaut","Limit Break"],"picked":"Offering","floor":33.0},{"not_picked":["Ghostly Armor","Thunderclap"],"picked":"Body Slam+1","floor":35.0},{"not_picked":["Flex","Armaments"],"picked":"True Grit+1","floor":37.0},{"not_picked":["Perfected Strike","Body Slam"],"picked":"Dropkick+1","floor":38.0},{"not_picked":["Cleave","Uppercut"],"picked":"True Grit+1","floor":39.0},{"not_picked":["Body Slam+1","Headbutt"],"picked":"Dual Wield","floor":40.0},{"not_picked":["Cleave","Double Tap","Perfected Strike+1"],"picked":"SKIP","floor":42},{"not_picked":["Twin Strike+1","Rampage","Warcry"],"picked":"SKIP","floor":48},{"not_picked":["Infernal Blade","Warcry"],"picked":"Intimidate+1","floor":55}],"player_experience":1149619,"relics_obtained":[{"floor":7.0,"key":"Toy Ornithopter"},{"floor":12.0,"key":"Dream Catcher"},{"floor":14.0,"key":"Dead Branch"},{"floor":20.0,"key":"Red Mask"},{"floor":24.0,"key":"Gambling Chip"},{"floor":26.0,"key":"FossilizedHelix"},{"floor":40.0,"key":"Regal Pillow"},{"floor":42,"key":"Sundial"},{"floor":43,"key":"Nunchaku"},{"floor":48,"key":"Mercury Hourglass"},{"floor":55,"key":"Vajra"}],"event_choices":[{"damage_healed":0.0,"max_hp_gain":0.0,"max_hp_loss":0.0,"gold_gain":0.0,"event_name":"Accursed Blacksmith","player_choice":"Rummage","floor":3.0,"gold_loss":0.0,"damage_taken":0.0,"relics_obtained":["WarpedTongs"],"cards_obtained":["Pain"]},{"damage_healed":0.0,"max_hp_gain":0.0,"max_hp_loss":0.0,"gold_gain":0.0,"event_name":"Masked Bandits","player_choice":"Fought Bandits","floor":20.0,"gold_loss":0.0,"damage_taken":0.0},{"damage_healed":0.0,"max_hp_gain":0.0,"max_hp_loss":0.0,"gold_gain":0.0,"event_name":"Upgrade Shrine","player_choice":"Upgraded","floor":21.0,"gold_loss":0.0,"damage_taken":0.0,"cards_upgraded":["Corruption"]},{"cards_removed":["Strike_R"],"damage_healed":0.0,"max_hp_gain":0.0,"max_hp_loss":0.0,"gold_gain":0.0,"event_name":"Beggar","player_choice":"Gave Gold","floor":27.0,"gold_loss":75.0,"damage_taken":0.0},{"damage_healed":0.0,"max_hp_gain":0.0,"max_hp_loss":0.0,"gold_gain":0.0,"event_name":"Match and Keep!","player_choice":"0 cards matched","floor":36.0,"gold_loss":0.0,"damage_taken":0.0,"cards_obtained":[]}],"is_beta":false,"boss_relics":[{"not_picked":["SlaversCollar","Busted Crown"],"picked":"Empty Cage"},{"not_picked":["Runic Cube","Snecko Eye"],"picked":"Astrolabe"}],"items_purged_floors":[4,28,54],"is_endless":false,"potions_floor_spawned":[1,2,10,11,14,18,20,22,30,33,35,38,39,40,55],"ascension_level":20}