{"gold_per_floor":[154,79,117,117,157,157,157,220,220,220],"floor_reached":10,"playtime":296,"items_purged":["Strike_G"],"score":132,"play_id":"374a490c-af9e-43e3-b1de-ae5ed9a3f0e9","local_time":"20220603140726","is_ascension_mode":true,"campfire_choices":[{"data":"HandOfGreed","floor":6,"key":"SMITH"}],"neow_cost":"TEN_PERCENT_HP_LOSS","seed_source_timestamp":559872071355300,"circlet_count":0,"master_deck":["AscendersBane","Strike_G","Strike_G","Strike_G","Strike_G","Defend_G","Defend_G","Defend_G","Defend_G","Defend_G","Survivor","Neutralize","HandOfGreed+1","Backflip","Adrenaline","Poisoned Stab"],"relics":["Ring of the Snake","Golden Idol","Gremlin Horn","Darkstone Periapt"],"potions_floor_usage":[],"damage_taken":[{"damage":2,"enemies":"2 Louse","floor":1,"turns":4},{"damage":2,"enemies":"Jaw Worm","floor":3,"turns":4},{"damage":0,"enemies":"Cultist","floor":5,"turns":3},{"damage":31,"enemies":"Lagavulin","floor":8,"turns":9},{"damage":5,"enemies":"Gremlin Nob","floor":10,"turns":3}],"seed_played":"-1764160552735215071","potions_obtained":[{"floor":3,"key":"Explosive Potion"}],"is_trial":false,"path_per_floor":["M","$","M","?","M","R","?","E","T","E"],"character_chosen":"THE_SILENT","items_purchased":[],"campfire_rested":0,"item_purchase_floors":[],"current_hp_per_floor":[57,57,55,54,54,54,43,12,12,7],"gold":220,"neow_bonus":"RANDOM_COLORLESS_2","is_prod":false,"is_daily":false,"chose_seed":false,"campfire_upgraded":1,"win_rate":0,"timestamp":1654290446,"path_taken":["M","$","M","?","M","R","?","E","T","E"],"build_version":"2022-03-07","purchased_purges":1,"victory":false,"max_hp_per_floor":[60,60,60,54,54,54,54,54,54,54],"card_choices":[{"not_picked":["Panache","Magnetism"],"picked":"HandOfGreed","floor":0},{"not_picked":["Outmaneuver","PiercingWail"],"picked":"Backflip","floor":1},{"not_picked":["Backflip","Well Laid Plans"],"picked":"Adrenaline","floor":3},{"not_picked":["Escape Plan","Flying Knee"],"picked":"Poisoned Stab","floor":5},{"not_picked":["Slice","Eviscerate","Distraction"],"picked":"SKIP","floor":8}],"player_experience":1161656,"relics_obtained":[{"floor":8,"key":"Darkstone Periapt"}],"event_choices":[{"damage_healed":0,"gold_gain":0,"player_choice":"Lose Max HP","damage_taken":0,"relics_obtained":["Golden Idol"],"max_hp_gain":0,"max_hp_loss":6,"event_name":"Golden Idol","floor":4,"gold_loss":0},{"damage_healed":0,"gold_gain":0,"player_choice":"Success","damage_taken":11,"relics_obtained":["Gremlin Horn"],"max_hp_gain":0,"max_hp_loss":0,"event_name":"Scrap Ooze","floor":7,"gold_loss":0}],"is_beta":false,"boss_relics":[],"items_purged_floors":[2],"is_endless":false,"potions_floor_spawned":[3],"killed_by":"Gremlin Nob","ascension_level":20}