{"gold_per_floor":[20,20,37,49,64,64,99,119,119,119,137,117,29,58,58,58],"floor_reached":16,"playtime":445,"items_purged":[],"score":224,"play_id":"789aa2a5-8d34-421a-a996-cc4c68da5472","local_time":"20220607104251","is_ascension_mode":true,"campfire_choices":[{"data":"Devotion","floor":6.0,"key":"SMITH"},{"data":"Eruption","floor":10.0,"key":"SMITH"},{"data":"Devotion","floor":15,"key":"SMITH"}],"neow_cost":"NO_GOLD","seed_source_timestamp":0,"circlet_count":0,"master_deck":["AscendersBane","Strike_P","Strike_P","Strike_P","Strike_P","Defend_P","Defend_P","Defend_P","Eruption+1","Vigilance","Devotion+1","WindmillStrike","Brilliance","InnerPeace","ClearTheMind","Conclude","Devotion+1"],"special_seed":0,"relics":["PureWater","Strawberry","Incense Burner","White Beast Statue"],"potions_floor_usage":[14,14,16],"damage_taken":[{"damage":7.0,"enemies":"Jaw Worm","floor":1.0,"turns":5.0},{"damage":0.0,"enemies":"Cultist","floor":3.0,"turns":2.0},{"damage":7.0,"enemies":"Small Slimes","floor":4.0,"turns":3.0},{"damage":0.0,"enemies":"Gremlin Gang","floor":5.0,"turns":3.0},{"damage":17.0,"enemies":"Lagavulin","floor":7.0,"turns":6.0},{"damage":3.0,"enemies":"2 Fungi Beasts","floor":8.0,"turns":4.0},{"damage":3.0,"enemies":"Blue Slaver","floor":11.0,"turns":2.0},{"damage":15,"enemies":"3 Sentries","floor":14,"turns":4},{"damage":18,"enemies":"The Guardian","floor":16,"turns":7}],"seed_played":"7498428333004634721","potions_obtained":[{"floor":3.0,"key":"PowerPotion"},{"floor":12.0,"key":"SneckoOil"},{"floor":14,"key":"BlessingOfTheForge"}],"is_trial":false,"path_per_floor":["M","?","M","M","M","R","E","M","T","R","M","?","$","E","R","B"],"character_chosen":"WATCHER","items_purchased":["Devotion"],"campfire_rested":0,"item_purchase_floors":[13],"current_hp_per_floor":[54,54,54,47,47,47,37,34,34,34,31,31,31,16,16,0],"gold":58,"neow_bonus":"THREE_RARE_CARDS","is_prod":false,"is_daily":false,"chose_seed":false,"campfire_upgraded":3,"win_rate":0,"timestamp":1654623771,"path_taken":["M","?","?","M","M","R","E","M","T","R","M","?","$","E","R","BOSS"],"build_version":"2022-03-07","purchased_purges":0,"victory":false,"max_hp_per_floor":[68,68,68,68,68,68,75,75,75,75,75,75,75,75,75,75],"card_choices":[{"not_picked":["Wish","Establishment"],"picked":"Devotion","floor":0.0},{"not_picked":["Protect","BowlingBash"],"picked":"WindmillStrike","floor":1.0},{"not_picked":["EmptyBody","SashWhip","ThirdEye"],"picked":"SKIP","floor":3.0},{"not_picked":["Crescendo","Wireheading"],"picked":"InnerPeace","floor":4.0},{"not_picked":["EmptyBody","BowlingBash"],"picked":"ClearTheMind","floor":5.0},{"not_picked":["ClearTheMind","CrushJoints","EmptyBody"],"picked":"SKIP","floor":7.0},{"not_picked":["CarveReality","FlyingSleeves"],"picked":"Conclude","floor":8.0},{"not_picked":["WreathOfFlame","CrushJoints","ClearTheMind"],"picked":"SKIP","floor":11.0},{"not_picked":["Protect","FlyingSleeves","Collect"],"picked":"SKIP","floor":14}],"player_experience":1189563,"relics_obtained":[{"floor":7.0,"key":"Strawberry"},{"floor":9.0,"key":"Incense Burner"},{"floor":14,"key":"White Beast Statue"}],"event_choices":[{"damage_healed":0.0,"max_hp_gain":0.0,"max_hp_loss":0.0,"gold_gain":0.0,"cards_transformed":["Defend_P"],"event_name":"Transmorgrifier","player_choice":"Transformed","floor":2.0,"gold_loss":0.0,"damage_taken":0.0,"cards_obtained":["Brilliance"]},{"damage_healed":0.0,"max_hp_gain":0.0,"max_hp_loss":0.0,"gold_gain":0.0,"event_name":"The Woman in Blue","player_choice":"Bought 1 Potion","floor":12.0,"gold_loss":0.0,"damage_taken":0.0}],"is_beta":false,"boss_relics":[],"items_purged_floors":[],"is_endless":false,"potions_floor_spawned":[3,14],"killed_by":"The Guardian","ascension_level":20}