{"gold_per_floor":[16,46,103,103,183,183,240,240,263,349,274,339,416,478,478,578,578,578,194,194,237,23,23,86,171,195,226,226,226,226,260,260,335,335,380,380,380,456,456,507,507,518,568,586,586,641,641,106,106,106],"floor_reached":50,"playtime":2277,"items_purged":["Strike_R","Strike_R","Strike_R"],"score":1207,"play_id":"5edb38ba-a9ff-452e-88ff-ff6443b07b61","local_time":"20220606195325","is_ascension_mode":true,"campfire_choices":[{"data":"HandOfGreed","floor":6.0,"key":"SMITH"},{"data":"Bash","floor":15.0,"key":"SMITH"},{"data":"Corruption","floor":23.0,"key":"SMITH"},{"floor":28.0,"key":"REST"},{"floor":30.0,"key":"REST"},{"data":"Juggernaut","floor":32.0,"key":"SMITH"},{"floor":41.0,"key":"REST"},{"floor":49.0,"key":"RECALL"}],"neow_cost":"NO_GOLD","seed_source_timestamp":0,"circlet_count":0,"master_deck":["AscendersBane","Defend_R","Defend_R","Defend_R","Defend_R","Bash+1","HandOfGreed+1","Pommel Strike","Intimidate","Anger","Battle Trance","Shockwave","Metallicize","Metallicize","Corruption+1","Feel No Pain","Flame Barrier","Feel No Pain","Double Tap+1","Offering+1","True Grit","Offering+1","Shockwave+1","Juggernaut+1","Exhume","True Grit+1","Warcry+1","Shrug It Off","Disarm","Juggernaut","Armaments+1","Feel No Pain","Secret Technique","True Grit"],"special_seed":0,"relics":["Burning Blood","Dream Catcher","Vajra","Mark of Pain","PreservedInsect","Nloth\u0027s Gift","Pantograph","MealTicket","War Paint","Juzu Bracelet","SlaversCollar","Unceasing Top","Mango","Bottled Lightning","Kunai","Bottled Tornado","Brimstone"],"potions_floor_usage":[],"damage_taken":[{"damage":1.0,"enemies":"Cultist","floor":1.0,"turns":3.0},{"damage":2.0,"enemies":"Jaw Worm","floor":2.0,"turns":3.0},{"damage":4.0,"enemies":"2 Louse","floor":3.0,"turns":5.0},{"damage":10.0,"enemies":"Gremlin Gang","floor":5.0,"turns":7.0},{"damage":25.0,"enemies":"Lagavulin","floor":7.0,"turns":6.0},{"damage":17.0,"enemies":"Lots of Slimes","floor":10.0,"turns":6.0},{"damage":0.0,"enemies":"Exordium Wildlife","floor":12.0,"turns":3.0},{"damage":20.0,"enemies":"3 Sentries","floor":13.0,"turns":5.0},{"damage":1.0,"enemies":"2 Fungi Beasts","floor":14.0,"turns":4.0},{"damage":30.0,"enemies":"The Guardian","floor":16.0,"turns":13.0},{"damage":0.0,"enemies":"2 Thieves","floor":18.0,"turns":1.0},{"damage":10.0,"enemies":"Spheric Guardian","floor":21.0,"turns":4.0},{"damage":0.0,"enemies":"Centurion and Healer","floor":24.0,"turns":6.0},{"damage":19.0,"enemies":"Slavers","floor":25.0,"turns":7.0},{"damage":38.0,"enemies":"Book of Stabbing","floor":27.0,"turns":6.0},{"damage":12.0,"enemies":"Gremlin Leader","floor":31.0,"turns":4.0},{"damage":39.0,"enemies":"Collector","floor":33.0,"turns":10.0},{"damage":12.0,"enemies":"3 Darklings","floor":35.0,"turns":5.0},{"damage":43.0,"enemies":"2 Orb Walkers","floor":38.0,"turns":5.0},{"damage":15.0,"enemies":"Nemesis","floor":40.0,"turns":9.0},{"damage":6.0,"enemies":"Orb Walker","floor":42.0,"turns":3.0},{"damage":19.0,"enemies":"Spire Growth","floor":44.0,"turns":4.0},{"damage":18.0,"enemies":"Reptomancer","floor":46.0,"turns":4.0},{"damage":107,"enemies":"Awakened One","floor":50,"turns":7}],"seed_played":"5326286656870511403","potions_obtained":[{"floor":3.0,"key":"Ancient Potion"},{"floor":5.0,"key":"AttackPotion"},{"floor":7.0,"key":"DistilledChaos"},{"floor":13.0,"key":"SmokeBomb"},{"floor":25.0,"key":"SpeedPotion"},{"floor":33.0,"key":"Explosive Potion"},{"floor":38.0,"key":"FearPotion"},{"floor":40.0,"key":"LiquidMemories"}],"is_trial":false,"path_per_floor":["M","M","M","?","M","R","E","?","T","M","$","M","E","M","R","B",null,"M","$","?","M","$","R","M","E","T","E","R","?","R","E","R","B",null,"M","?","?","?","?","E","R","M","T","M","?","E","T","$","R","B"],"character_chosen":"IRONCLAD","items_purchased":["Feel No Pain","PreservedInsect","Flame Barrier","Feel No Pain","Brimstone","Feel No Pain","Energy Potion","Secret Technique","True Grit"],"campfire_rested":3,"item_purchase_floors":[19,19,19,22,48,48,48,48,48],"current_hp_per_floor":[73,75,75,75,71,71,52,52,52,41,41,47,33,38,38,14,60,66,66,66,62,62,62,68,55,55,23,45,45,67,61,61,42,67,61,61,61,24,38,29,54,54,54,41,70,58,58,70,70,0],"gold":106,"neow_bonus":"RANDOM_COLORLESS_2","is_prod":false,"is_daily":false,"chose_seed":false,"campfire_upgraded":4,"win_rate":0,"timestamp":1654570405,"path_taken":["M","M","?","?","M","R","E","?","T","M","$","?","E","M","R","BOSS","M","$","?","?","$","R","M","E","T","E","R","?","R","E","R","BOSS","M","?","?","?","?","E","R","M","T","M","?","E","?","$","R","BOSS"],"build_version":"2022-03-07","purchased_purges":3,"victory":false,"max_hp_per_floor":[75,75,75,75,75,75,75,75,75,75,75,75,75,75,75,75,75,75,75,75,75,75,75,75,75,75,75,75,75,75,75,75,75,75,75,75,71,71,85,85,85,85,85,85,70,70,70,70,70,70],"card_choices":[{"not_picked":["Transmutation","Thinking Ahead"],"picked":"HandOfGreed","floor":0.0},{"not_picked":["Hemokinesis","Bloodletting"],"picked":"Pommel Strike","floor":1.0},{"not_picked":["Reckless Charge","True Grit","Pummel"],"picked":"SKIP","floor":2.0},{"not_picked":["Havoc","Flex","Second Wind"],"picked":"SKIP","floor":3.0},{"not_picked":["Pommel Strike","Shockwave"],"picked":"Anger","floor":5.0},{"not_picked":["Headbutt","Body Slam","Flex"],"picked":"SKIP","floor":7.0},{"not_picked":["Dropkick","Whirlwind"],"picked":"Battle Trance","floor":10.0},{"not_picked":["Reckless Charge","Entrench"],"picked":"Shockwave","floor":12.0},{"not_picked":["Iron Wave","Fire Breathing"],"picked":"Metallicize","floor":13.0},{"not_picked":["Carnage","Ghostly Armor"],"picked":"Metallicize","floor":14.0},{"not_picked":["Double Tap","Barricade"],"picked":"Corruption","floor":16.0},{"not_picked":["Clash","Bloodletting","Intimidate"],"picked":"SKIP","floor":21.0},{"not_picked":["Searing Blow","Perfected Strike"],"picked":"Double Tap","floor":24.0},{"not_picked":["Clash","Reaper"],"picked":"Offering","floor":25.0},{"not_picked":["Rupture","Perfected Strike","Shockwave"],"picked":"SKIP","floor":27.0},{"not_picked":["Clothesline","Armaments"],"picked":"True Grit","floor":28.0},{"not_picked":["Rage","Carnage"],"picked":"Shockwave+1","floor":30.0},{"not_picked":["Body Slam","Flame Barrier"],"picked":"Juggernaut","floor":31.0},{"not_picked":["Feed","Limit Break"],"picked":"Exhume","floor":33.0},{"not_picked":["Headbutt","Thunderclap+1"],"picked":"True Grit+1","floor":35.0},{"not_picked":["Twin Strike","Pommel Strike"],"picked":"Warcry+1","floor":38.0},{"not_picked":["Searing Blow","Disarm+1"],"picked":"Shrug It Off","floor":40.0},{"not_picked":["Flex","Twin Strike"],"picked":"Disarm","floor":42.0},{"not_picked":["Uppercut","Clash"],"picked":"Juggernaut","floor":44.0},{"not_picked":["Feed","Bloodletting+1"],"picked":"Armaments+1","floor":46.0}],"player_experience":1181467,"relics_obtained":[{"floor":7.0,"key":"Regal Pillow"},{"floor":9.0,"key":"Dream Catcher"},{"floor":13.0,"key":"Vajra"},{"floor":25.0,"key":"Pantograph"},{"floor":26.0,"key":"MealTicket"},{"floor":27.0,"key":"War Paint"},{"floor":31.0,"key":"Juzu Bracelet"},{"floor":38.0,"key":"Unceasing Top"},{"floor":40.0,"key":"Bottled Lightning"},{"floor":46.0,"key":"Kunai"},{"floor":47.0,"key":"Bottled Tornado"}],"event_choices":[{"damage_healed":0.0,"max_hp_gain":0.0,"max_hp_loss":0.0,"gold_gain":0.0,"cards_transformed":["Strike_R"],"event_name":"Living Wall","player_choice":"Change","floor":4.0,"gold_loss":0.0,"damage_taken":0.0,"cards_obtained":["Intimidate"]},{"cards_removed":["Strike_R"],"damage_healed":0.0,"max_hp_gain":0.0,"max_hp_loss":0.0,"gold_gain":0.0,"event_name":"Purifier","player_choice":"Purged","floor":8.0,"gold_loss":0.0,"damage_taken":0.0},{"damage_healed":0.0,"max_hp_gain":0.0,"max_hp_loss":0.0,"gold_gain":0.0,"event_name":"N\u0027loth","player_choice":"Traded Relic","floor":20.0,"relics_lost":["Regal Pillow"],"gold_loss":0.0,"damage_taken":0.0,"relics_obtained":["Nloth\u0027s Gift"]},{"damage_healed":0.0,"max_hp_gain":0.0,"max_hp_loss":0.0,"gold_gain":0.0,"event_name":"Duplicator","player_choice":"Copied","floor":29.0,"gold_loss":0.0,"damage_taken":0.0,"cards_obtained":["Offering"]},{"damage_healed":0.0,"max_hp_gain":0.0,"max_hp_loss":0.0,"gold_gain":0.0,"event_name":"SecretPortal","player_choice":"Ignored","floor":36.0,"gold_loss":0.0,"damage_taken":0.0},{"damage_healed":0.0,"max_hp_gain":0.0,"max_hp_loss":4.0,"gold_gain":0.0,"event_name":"Winding Halls","player_choice":"Max HP","floor":37.0,"gold_loss":0.0,"damage_taken":0.0},{"damage_healed":0.0,"max_hp_gain":0.0,"max_hp_loss":0.0,"gold_gain":0.0,"event_name":"Mysterious Sphere","player_choice":"Fight","floor":38.0,"gold_loss":0.0,"damage_taken":0.0},{"damage_healed":0.0,"max_hp_gain":0.0,"max_hp_loss":0.0,"gold_gain":0.0,"event_name":"WeMeetAgain","player_choice":"Gave Potion","floor":39.0,"gold_loss":0.0,"damage_taken":0.0,"relics_obtained":["Mango"]},{"damage_healed":70.0,"max_hp_gain":0.0,"max_hp_loss":15.0,"gold_gain":0.0,"event_name":"The Moai Head","player_choice":"Heal","floor":45.0,"gold_loss":0.0,"damage_taken":0.0}],"is_beta":false,"boss_relics":[{"not_picked":["Tiny House","Black Blood"],"picked":"Mark of Pain"},{"not_picked":["Busted Crown","Runic Cube"],"picked":"SlaversCollar"}],"items_purged_floors":[11,19,22],"is_endless":false,"potions_floor_spawned":[3,5,7,10,13,14,18,25,33,35,38,40,44],"killed_by":"Awakened One","ascension_level":20}