{"gold_per_floor":[16,16,91,241,30,61,81,131,131,165,178,199,240,240,240,333,333,347,367,367,367,3,3],"floor_reached":23,"playtime":632,"items_purged":["Doubt","Study+1"],"score":564,"play_id":"431a0a48-82c7-46b6-9911-964238ec063b","local_time":"20220608194250","is_ascension_mode":true,"campfire_choices":[{"floor":15.0,"key":"REST"}],"neow_cost":"NO_GOLD","seed_source_timestamp":0,"circlet_count":0,"master_deck":["AscendersBane","Defend_P","Eruption","Vigilance","FlurryOfBlows","Tantrum","Blasphemy","Crescendo","Consecrate","CutThroughFate","SandsOfTime","Study+1","Wish+1","LikeWater","BowlingBash"],"special_seed":0,"relics":["PureWater","Golden Idol","Damaru","Kunai","Gambling Chip","Mercury Hourglass","Astrolabe","Matryoshka"],"potions_floor_usage":[19],"damage_taken":[{"damage":0.0,"enemies":"Jaw Worm","floor":1.0,"turns":3.0},{"damage":2.0,"enemies":"3 Sentries","floor":6.0,"turns":3.0},{"damage":0.0,"enemies":"2 Louse","floor":7.0,"turns":1.0},{"damage":33.0,"enemies":"Gremlin Nob","floor":10.0,"turns":4.0},{"damage":0.0,"enemies":"Small Slimes","floor":11.0,"turns":1.0},{"damage":0.0,"enemies":"Gremlin Gang","floor":12.0,"turns":1.0},{"damage":0.0,"enemies":"3 Sentries","floor":13.0,"turns":2.0},{"damage":0.0,"enemies":"Slime Boss","floor":16.0,"turns":5.0},{"damage":0.0,"enemies":"Spheric Guardian","floor":18.0,"turns":2.0},{"damage":27,"enemies":"Shell Parasite","floor":19,"turns":3},{"damage":0,"enemies":"Slavers","floor":23,"turns":1}],"seed_played":"2401122407374070424","potions_obtained":[{"floor":1.0,"key":"Explosive Potion"},{"floor":6.0,"key":"Explosive Potion"},{"floor":10.0,"key":"SpeedPotion"},{"floor":13.0,"key":"Ancient Potion"},{"floor":18.0,"key":"Strength Potion"}],"is_trial":false,"path_per_floor":["M","?","?","?","$","E","M","?","T","E","M","M","E","?","R","B",null,"M","M","?","?","$","E"],"character_chosen":"WATCHER","items_purchased":["Tantrum","SteroidPotion","Matryoshka"],"campfire_rested":1,"item_purchase_floors":[5,5,22],"current_hp_per_floor":[61,61,50,50,50,48,48,48,48,15,15,15,15,15,33,33,55,55,28,28,28,28,28],"gold":3,"neow_bonus":"REMOVE_TWO","is_prod":false,"is_daily":false,"chose_seed":false,"campfire_upgraded":0,"win_rate":0,"timestamp":1654742570,"path_taken":["M","?","?","?","$","E","M","?","T","E","?","M","E","?","R","BOSS","M","M","?","?","$","E"],"build_version":"2022-03-07","purchased_purges":2,"victory":false,"max_hp_per_floor":[68,62,62,62,62,62,62,62,62,62,62,62,62,62,62,62,62,62,62,62,62,62,62],"card_choices":[{"not_picked":["PathToVictory","FollowUp"],"picked":"FlurryOfBlows","floor":1.0},{"not_picked":["DeceiveReality","BattleHymn"],"picked":"Blasphemy","floor":6.0},{"not_picked":["SignatureMove","Study"],"picked":"Crescendo","floor":7.0},{"not_picked":["BowlingBash","Nirvana","Perseverance"],"picked":"SKIP","floor":10.0},{"not_picked":["Halt","SashWhip"],"picked":"Consecrate","floor":11.0},{"not_picked":["ReachHeaven","FlyingSleeves"],"picked":"CutThroughFate","floor":12.0},{"not_picked":["PathToVictory","FlyingSleeves"],"picked":"SandsOfTime","floor":13.0},{"not_picked":["PathToVictory","WaveOfTheHand","Evaluate"],"picked":"SKIP","floor":18.0},{"not_picked":["FollowUp+1","FlyingSleeves+1","Vengeance"],"picked":"SKIP","floor":19}],"player_experience":1193825,"relics_obtained":[{"floor":6.0,"key":"Damaru"},{"floor":9.0,"key":"Kunai"},{"floor":10.0,"key":"Gambling Chip"},{"floor":13.0,"key":"Mercury Hourglass"}],"event_choices":[{"damage_healed":0.0,"max_hp_gain":0.0,"max_hp_loss":6.0,"gold_gain":0.0,"event_name":"Golden Idol","player_choice":"Lose Max HP","floor":2.0,"gold_loss":0.0,"damage_taken":0.0,"relics_obtained":["Golden Idol"]},{"damage_healed":0.0,"max_hp_gain":0.0,"max_hp_loss":0.0,"gold_gain":75.0,"event_name":"World of Goop","player_choice":"Gather Gold","floor":3.0,"gold_loss":0.0,"damage_taken":11.0},{"damage_healed":0.0,"max_hp_gain":0.0,"max_hp_loss":0.0,"gold_gain":150.0,"event_name":"Liars Game","player_choice":"AGREE","floor":4.0,"gold_loss":0.0,"damage_taken":0.0,"cards_obtained":["Doubt"]},{"damage_healed":0.0,"max_hp_gain":0.0,"max_hp_loss":0.0,"gold_gain":50.0,"event_name":"Golden Shrine","player_choice":"Pray","floor":8.0,"gold_loss":0.0,"damage_taken":0.0},{"damage_healed":0.0,"max_hp_gain":0.0,"max_hp_loss":0.0,"gold_gain":0.0,"event_name":"Dead Adventurer","player_choice":"Searched \u00270\u0027 times","floor":14.0,"gold_loss":0.0,"damage_taken":0.0},{"damage_healed":0,"gold_gain":0,"cards_transformed":["Strike_P","Strike_P"],"player_choice":"Became Test Subject","damage_taken":0,"max_hp_gain":0,"max_hp_loss":0,"event_name":"Drug Dealer","floor":20,"gold_loss":0,"cards_obtained":["LikeWater","BowlingBash"]},{"damage_healed":0,"gold_gain":0,"player_choice":"0 cards matched","damage_taken":0,"max_hp_gain":0,"max_hp_loss":0,"event_name":"Match and Keep!","floor":21,"gold_loss":0,"cards_obtained":[]}],"is_beta":false,"boss_relics":[{"not_picked":["Philosopher\u0027s Stone","Coffee Dripper"],"picked":"Astrolabe"}],"items_purged_floors":[5,22],"is_endless":false,"potions_floor_spawned":[1,6,10,12,13,18],"killed_by":"Slavers","ascension_level":20}