{"gold_per_floor":[119,119,136,154,454,454,472,472,472,500,302,332,332,332,332,425,425,445,360,373,373,419,419,469,492,570,570,570,570],"floor_reached":29,"playtime":1031,"items_purged":["Defend_P"],"score":466,"play_id":"26cd2e1e-a50a-4bea-9f6a-aee8cd5c605f","local_time":"20220601101147","is_ascension_mode":true,"campfire_choices":[{"floor":6.0,"key":"REST"},{"floor":15.0,"key":"REST"},{"floor":23.0,"key":"REST"}],"neow_cost":"PERCENT_DAMAGE","seed_source_timestamp":303123587553500,"circlet_count":0,"master_deck":["AscendersBane","Strike_P+1","Eruption","Vigilance","FearNoEvil+1","Study","FollowUp","EmptyFist","Wallop+1","FlurryOfBlows","LessonLearned","Pray+1","Wish+1","Fasting2+1","Tantrum","Meditate","Ghostly","Ghostly","Ghostly"],"special_seed":0,"relics":["PureWater","Question Card","The Courier","ClockworkSouvenir","Gambling Chip","Golden Idol","Astrolabe","Ancient Tea Set","Nloth\u0027s Gift","Singing Bowl"],"potions_floor_usage":[],"damage_taken":[{"damage":0.0,"enemies":"Small Slimes","floor":1.0,"turns":2.0},{"damage":0.0,"enemies":"2 Louse","floor":3.0,"turns":3.0},{"damage":9.0,"enemies":"Jaw Worm","floor":4.0,"turns":4.0},{"damage":0.0,"enemies":"Looter","floor":7.0,"turns":2.0},{"damage":9.0,"enemies":"Lagavulin","floor":10.0,"turns":6.0},{"damage":22.0,"enemies":"3 Sentries","floor":12.0,"turns":7.0},{"damage":23.0,"enemies":"The Guardian","floor":16.0,"turns":8.0},{"damage":0.0,"enemies":"Chosen","floor":18.0,"turns":3.0},{"damage":26.0,"enemies":"3 Byrds","floor":20.0,"turns":6.0},{"damage":15.0,"enemies":"Snake Plant","floor":22.0,"turns":3.0},{"damage":0.0,"enemies":"Centurion and Healer","floor":24.0,"turns":4.0},{"damage":0.0,"enemies":"Chosen and Byrds","floor":25.0,"turns":3.0},{"damage":16,"enemies":"Book of Stabbing","floor":29,"turns":5}],"seed_played":"6971529378300636582","potions_obtained":[{"floor":1.0,"key":"Strength Potion"},{"floor":3.0,"key":"DistilledChaos"},{"floor":16.0,"key":"Ancient Potion"},{"floor":20.0,"key":"AttackPotion"},{"floor":24.0,"key":"ColorlessPotion"}],"is_trial":false,"path_per_floor":["M","?","M","M","?","R","M","?","T","E","$","E","?","?","R","B",null,"M","?","M","?","M","R","M","M","T","?","?","E"],"character_chosen":"WATCHER","items_purchased":["ClockworkSouvenir"],"campfire_rested":3,"item_purchase_floors":[11],"current_hp_per_floor":[43,43,43,34,23,43,43,65,65,56,56,34,14,14,32,9,49,49,49,23,23,8,26,26,26,26,26,26,10],"gold":570,"neow_bonus":"REMOVE_TWO","is_prod":false,"is_daily":false,"chose_seed":false,"campfire_upgraded":0,"win_rate":0,"timestamp":1654103507,"path_taken":["M","?","M","M","?","R","M","?","T","E","$","E","?","?","R","BOSS","M","?","M","?","M","R","?","M","T","?","?","E"],"build_version":"2022-03-07","purchased_purges":1,"victory":false,"max_hp_per_floor":[68,68,68,68,68,68,68,68,68,68,68,68,68,62,62,62,62,62,62,62,62,62,62,62,62,62,62,31,31],"card_choices":[{"not_picked":["JustLucky","WaveOfTheHand"],"picked":"FearNoEvil","floor":1.0},{"not_picked":["Crescendo","EmptyBody"],"picked":"FollowUp","floor":3.0},{"not_picked":["Protect","JustLucky"],"picked":"EmptyFist","floor":4.0},{"not_picked":["FollowUp","Vengeance","CarveReality"],"picked":"SKIP","floor":7.0},{"not_picked":["Indignation","LikeWater","JustLucky"],"picked":"Wallop","floor":10.0},{"not_picked":["FlyingSleeves","Ragnarok","CutThroughFate"],"picked":"FlurryOfBlows","floor":12.0},{"not_picked":["Establishment","Wish","Scrawl"],"picked":"LessonLearned","floor":16.0},{"not_picked":["EmptyFist","FollowUp","ReachHeaven+1","Collect+1"],"picked":"SKIP","floor":18.0},{"not_picked":["Nirvana","Swivel","Vengeance","CutThroughFate"],"picked":"SKIP","floor":20.0},{"not_picked":["PathToVictory","Consecrate","Crescendo"],"picked":"Tantrum","floor":22.0},{"not_picked":["Alpha","Blasphemy","Indignation"],"picked":"Meditate","floor":24.0},{"not_picked":["Prostrate","Sanctity+1","Crescendo","Evaluate"],"picked":"SKIP","floor":25.0}],"player_experience":1155405,"relics_obtained":[{"floor":9.0,"key":"Question Card"},{"floor":10.0,"key":"The Courier"},{"floor":12.0,"key":"Gambling Chip"},{"floor":26.0,"key":"Singing Bowl"}],"event_choices":[{"damage_healed":0.0,"max_hp_gain":0.0,"max_hp_loss":0.0,"gold_gain":0.0,"cards_transformed":["Strike_P"],"event_name":"Living Wall","player_choice":"Change","floor":2.0,"gold_loss":0.0,"damage_taken":0.0,"cards_obtained":["Study"]},{"damage_healed":0.0,"max_hp_gain":0.0,"max_hp_loss":0.0,"gold_gain":0.0,"event_name":"Scrap Ooze","player_choice":"Success","floor":5.0,"gold_loss":0.0,"damage_taken":11.0,"relics_obtained":["Old Coin"]},{"damage_healed":22.0,"max_hp_gain":0.0,"max_hp_loss":0.0,"gold_gain":0.0,"event_name":"Big Fish","player_choice":"Banana","floor":8.0,"gold_loss":0.0,"damage_taken":0.0},{"damage_healed":0.0,"max_hp_gain":0.0,"max_hp_loss":0.0,"gold_gain":0.0,"event_name":"Shining Light","player_choice":"Entered Light","floor":13.0,"gold_loss":0.0,"damage_taken":20.0,"cards_upgraded":["FearNoEvil","Strike_P"]},{"damage_healed":0.0,"max_hp_gain":0.0,"max_hp_loss":6.0,"gold_gain":0.0,"event_name":"Golden Idol","player_choice":"Lose Max HP","floor":14.0,"gold_loss":0.0,"damage_taken":0.0,"relics_obtained":["Golden Idol"]},{"damage_healed":0.0,"max_hp_gain":0.0,"max_hp_loss":0.0,"gold_gain":0.0,"event_name":"Addict","player_choice":"Obtained Relic","floor":19.0,"gold_loss":85.0,"damage_taken":0.0,"relics_obtained":["Ancient Tea Set"]},{"damage_healed":0.0,"max_hp_gain":0.0,"max_hp_loss":0.0,"gold_gain":0.0,"event_name":"N\u0027loth","player_choice":"Traded Relic","floor":21.0,"relics_lost":["Old Coin"],"gold_loss":0.0,"damage_taken":0.0,"relics_obtained":["Nloth\u0027s Gift"]},{"damage_healed":0.0,"max_hp_gain":0.0,"max_hp_loss":0.0,"gold_gain":0.0,"event_name":"The Mausoleum","player_choice":"Ignored","floor":27.0,"gold_loss":0.0,"damage_taken":0.0},{"damage_healed":0.0,"max_hp_gain":0.0,"max_hp_loss":31.0,"gold_gain":0.0,"event_name":"Ghosts","player_choice":"Became a Ghost","floor":28.0,"gold_loss":0.0,"damage_taken":0.0,"cards_obtained":["Ghostly","Ghostly","Ghostly"]}],"is_beta":false,"boss_relics":[{"not_picked":["Cursed Key","Runic Dome"],"picked":"Astrolabe"}],"items_purged_floors":[11],"is_endless":false,"potions_floor_spawned":[1,3,7,16,20,24],"killed_by":"Book of Stabbing","ascension_level":20}