{"gold_per_floor":[111,111,111,131,147,147,173,192,192,203,215,215,244,263,263,341,341,353,190,206,223,223,223,251,265,265,123,123,123,140,171,171,245,245,259,259,284,300,311,343,343,377,449,449,482,131,164,164,164,164,164,164,164,14,47,47],"floor_reached":57,"playtime":2693,"items_purged":["Strike_G","Strike_G","Strike_G"],"score":3270,"play_id":"f12ef973-53df-40bc-a1ae-0a30497c0779","local_time":"20220608120537","is_ascension_mode":true,"campfire_choices":[{"data":"Catalyst","floor":6.0,"key":"SMITH"},{"data":"Corpse Explosion","floor":15.0,"key":"SMITH"},{"data":"Burst","floor":23.0,"key":"SMITH"},{"data":"Ghostly","floor":29.0,"key":"SMITH"},{"data":"Noxious Fumes","floor":32.0,"key":"SMITH"},{"data":"Ghostly","floor":41,"key":"SMITH"},{"data":"Ghostly","floor":44,"key":"SMITH"},{"floor":49,"key":"RECALL"},{"data":"Wraith Form v2","floor":53,"key":"SMITH"}],"neow_cost":"NONE","seed_source_timestamp":897415694301300,"circlet_count":0,"master_deck":["AscendersBane","Defend_G","Defend_G","Defend_G","Defend_G","Defend_G","Survivor","Neutralize","Catalyst+1","Deadly Poison","Dagger Throw","Reflex","After Image","Deadly Poison","Corpse Explosion+1","Acrobatics","Backflip","Burst+1","Crippling Poison","Noxious Fumes+1","Ghostly+1","Ghostly+1","Ghostly+1","Backflip+1","Calculated Gamble","Bullet Time","Deflect","Wraith Form v2+1"],"special_seed":0,"relics":["Ring of the Snake","HornCleat","Matryoshka","Odd Mushroom","Runic Pyramid","Eternal Feather","Snake Skull","Ancient Tea Set","Unceasing Top","Busted Crown","Gambling Chip","The Courier","Bag of Marbles","Potion Belt","Pen Nib","Membership Card","Pear","StoneCalendar","Lantern","Gremlin Horn"],"potions_floor_usage":[51,51,51,56,56,56,56],"damage_taken":[{"damage":0.0,"enemies":"2 Louse","floor":1.0,"turns":4.0},{"damage":7.0,"enemies":"Jaw Worm","floor":4.0,"turns":4.0},{"damage":4.0,"enemies":"Small Slimes","floor":5.0,"turns":3.0},{"damage":32.0,"enemies":"Lagavulin","floor":7.0,"turns":10.0},{"damage":0.0,"enemies":"3 Louse","floor":8.0,"turns":5.0},{"damage":0.0,"enemies":"Looter","floor":10.0,"turns":4.0},{"damage":5.0,"enemies":"Blue Slaver","floor":11.0,"turns":3.0},{"damage":0.0,"enemies":"The Mushroom Lair","floor":13.0,"turns":3.0},{"damage":3.0,"enemies":"2 Fungi Beasts","floor":14.0,"turns":3.0},{"damage":0.0,"enemies":"Hexaghost","floor":16.0,"turns":8.0},{"damage":12.0,"enemies":"2 Thieves","floor":18.0,"turns":5.0},{"damage":6.0,"enemies":"Shell Parasite","floor":20.0,"turns":4.0},{"damage":7.0,"enemies":"Centurion and Healer","floor":21.0,"turns":5.0},{"damage":10.0,"enemies":"Gremlin Leader","floor":24.0,"turns":5.0},{"damage":1.0,"enemies":"Cultist and Chosen","floor":25.0,"turns":5.0},{"damage":1.0,"enemies":"Sentry and Sphere","floor":30.0,"turns":3.0},{"damage":3.0,"enemies":"Slavers","floor":31.0,"turns":4.0},{"damage":6.0,"enemies":"Automaton","floor":33.0,"turns":6.0},{"damage":0.0,"enemies":"3 Shapes","floor":35.0,"turns":3.0},{"damage":0.0,"enemies":"Mind Bloom Boss Battle","floor":37.0,"turns":5.0},{"damage":0,"enemies":"3 Darklings","floor":38,"turns":4},{"damage":0,"enemies":"4 Shapes","floor":39,"turns":3},{"damage":0,"enemies":"Giant Head","floor":40,"turns":4},{"damage":0,"enemies":"Nemesis","floor":42,"turns":3},{"damage":0,"enemies":"Giant Head","floor":45,"turns":4},{"damage":0,"enemies":"Nemesis","floor":47,"turns":3},{"damage":0,"enemies":"Donu and Deca","floor":50,"turns":5},{"damage":13,"enemies":"Awakened One","floor":51,"turns":14},{"damage":0,"enemies":"Shield and Spear","floor":55,"turns":4},{"damage":18,"enemies":"The Heart","floor":56,"turns":8}],"seed_played":"656356855387557796","potions_obtained":[{"floor":7.0,"key":"Weak Potion"},{"floor":10.0,"key":"DuplicationPotion"},{"floor":16.0,"key":"Fruit Juice"},{"floor":21.0,"key":"Poison Potion"},{"floor":30.0,"key":"BlessingOfTheForge"},{"floor":33.0,"key":"AttackPotion"},{"floor":38,"key":"Regen Potion"}],"is_trial":false,"path_per_floor":["M","?","?","M","M","R","E","M","T","M","M","?","?","M","R","B",null,"M","$","M","M","?","R","E","M","T","$","?","R","M","E","R","B",null,"M","?","?","M","M","E","R","E","T","R","E","$","E","?","R","B","B",null,"R","$","E","B",null],"character_chosen":"THE_SILENT","items_purchased":["Noxious Fumes","Calculated Gamble","Membership Card","Pear","GamblersBrew","SkillPotion","PowerPotion","GhostInAJar","Block Potion","Lantern"],"campfire_rested":0,"item_purchase_floors":[19,27,46,46,46,46,54,54,54,54],"current_hp_per_floor":[59,59,52,45,41,41,9,9,9,9,4,26,26,23,23,23,55,43,43,37,35,35,35,25,24,24,24,24,35,34,31,35,29,34,34,34,34,34,34,34,35,35,35,35,35,45,45,43,43,43,30,40,43,43,43,35],"gold":47,"neow_bonus":"TRANSFORM_CARD","is_prod":false,"is_daily":false,"chose_seed":false,"campfire_upgraded":8,"win_rate":0,"timestamp":1654715137,"path_taken":["M","?","?","M","M","R","E","M","T","M","M","?","?","M","R","BOSS","M","$","M","M","?","R","E","M","T","$","?","R","M","E","R","BOSS","M","?","?","M","M","E","R","E","T","R","E","$","E","?","R","BOSS","BOSS","R","$","E","BOSS"],"build_version":"2022-03-07","purchased_purges":3,"victory":true,"max_hp_per_floor":[66,66,66,66,66,66,66,66,66,66,66,66,66,66,66,66,66,66,66,66,71,35,35,35,35,35,35,35,35,35,35,35,35,35,35,35,35,35,35,35,35,35,35,35,35,45,45,43,43,43,43,43,43,43,43,43],"card_choices":[{"not_picked":["Flying Knee","Riddle With Holes"],"picked":"Deadly Poison","floor":1.0},{"not_picked":["Underhanded Strike","Cloak And Dagger"],"picked":"Dagger Throw","floor":4.0},{"not_picked":["Expertise","Cloak And Dagger"],"picked":"Reflex","floor":5.0},{"not_picked":["Underhanded Strike","Prepared"],"picked":"After Image","floor":7.0},{"not_picked":["Bane","Well Laid Plans"],"picked":"Deadly Poison","floor":8.0},{"not_picked":["Dagger Throw","Flying Knee","Prepared"],"picked":"SKIP","floor":10.0},{"not_picked":["Quick Slash","Prepared"],"picked":"Corpse Explosion","floor":11.0},{"not_picked":["Prepared","Dagger Throw"],"picked":"Acrobatics","floor":13.0},{"not_picked":["Setup","Slice"],"picked":"Backflip","floor":14.0},{"not_picked":["After Image","Envenom"],"picked":"Burst","floor":16.0},{"not_picked":["Heel Hook","Backflip"],"picked":"Crippling Poison","floor":18.0},{"not_picked":["Dagger Spray","Crippling Poison","Sucker Punch"],"picked":"SKIP","floor":20.0},{"not_picked":["Dash","Deadly Poison","Blade Dance"],"picked":"SKIP","floor":21.0},{"not_picked":["Predator","Accuracy","Flying Knee"],"picked":"SKIP","floor":24.0},{"not_picked":["Poisoned Stab","Flying Knee"],"picked":"Backflip+1","floor":25.0},{"not_picked":["Deadly Poison","Outmaneuver"],"picked":"Bullet Time","floor":30.0},{"not_picked":["Slice","Blade Dance","Expertise"],"picked":"SKIP","floor":31.0},{"not_picked":["Dagger Spray"],"picked":"SKIP","floor":35.0},{"not_picked":["Reflex"],"picked":"SKIP","floor":38},{"not_picked":["Dodge and Roll+1"],"picked":"SKIP","floor":39},{"not_picked":[],"picked":"Deflect","floor":40},{"not_picked":["Bouncing Flask+1"],"picked":"SKIP","floor":42},{"not_picked":[],"picked":"Wraith Form v2","floor":45},{"not_picked":["Glass Knife"],"picked":"SKIP","floor":47},{"not_picked":["Acrobatics+1"],"picked":"SKIP","floor":55}],"player_experience":1190226,"relics_obtained":[{"floor":7.0,"key":"HornCleat"},{"floor":9.0,"key":"Matryoshka"},{"floor":13.0,"key":"Odd Mushroom"},{"floor":24.0,"key":"Eternal Feather"},{"floor":26.0,"key":"Snake Skull"},{"floor":26.0,"key":"Ancient Tea Set"},{"floor":31.0,"key":"Unceasing Top"},{"floor":37.0,"key":"Gambling Chip"},{"floor":40,"key":"The Courier"},{"floor":42,"key":"Bag of Marbles"},{"floor":43,"key":"Potion Belt"},{"floor":45,"key":"Pen Nib"},{"floor":47,"key":"StoneCalendar"},{"floor":55,"key":"Gremlin Horn"}],"event_choices":[{"damage_healed":0.0,"max_hp_gain":0.0,"max_hp_loss":0.0,"gold_gain":0.0,"event_name":"Liars Game","player_choice":"Ignored","floor":2.0,"gold_loss":0.0,"damage_taken":0.0},{"cards_removed":["Strike_G"],"damage_healed":0.0,"max_hp_gain":0.0,"max_hp_loss":0.0,"gold_gain":0.0,"event_name":"Golden Wing","player_choice":"Card Removal","floor":3.0,"gold_loss":0.0,"damage_taken":7.0},{"damage_healed":22.0,"max_hp_gain":0.0,"max_hp_loss":0.0,"gold_gain":0.0,"event_name":"Big Fish","player_choice":"Banana","floor":12.0,"gold_loss":0.0,"damage_taken":0.0},{"damage_healed":0.0,"max_hp_gain":0.0,"max_hp_loss":0.0,"gold_gain":0.0,"event_name":"Mushrooms","player_choice":"Fought Mushrooms","floor":13.0,"gold_loss":0.0,"damage_taken":0.0},{"damage_healed":0.0,"max_hp_gain":0.0,"max_hp_loss":36.0,"gold_gain":0.0,"event_name":"Ghosts","player_choice":"Became a Ghost","floor":22.0,"gold_loss":0.0,"damage_taken":0.0,"cards_obtained":["Ghostly","Ghostly","Ghostly"]},{"damage_healed":0.0,"max_hp_gain":0.0,"max_hp_loss":0.0,"gold_gain":0.0,"event_name":"Vampires","player_choice":"Ignored","floor":28.0,"gold_loss":0.0,"damage_taken":0.0},{"damage_healed":0.0,"max_hp_gain":0.0,"max_hp_loss":0.0,"gold_gain":0.0,"event_name":"Tomb of Lord Red Mask","player_choice":"Ignored","floor":36.0,"gold_loss":0.0,"damage_taken":0.0},{"damage_healed":0.0,"max_hp_gain":0.0,"max_hp_loss":0.0,"gold_gain":0.0,"event_name":"MindBloom","player_choice":"Fight","floor":37.0,"gold_loss":0.0,"damage_taken":0.0},{"damage_healed":0,"gold_gain":0,"player_choice":"Max HP","damage_taken":0,"max_hp_gain":0,"max_hp_loss":2,"event_name":"Winding Halls","floor":48,"gold_loss":0}],"is_beta":false,"boss_relics":[{"not_picked":["Astrolabe","WristBlade"],"picked":"Runic Pyramid"},{"not_picked":["Ring of the Serpent","Velvet Choker"],"picked":"Busted Crown"}],"items_purged_floors":[19,27,46],"is_endless":false,"potions_floor_spawned":[7,10,13,16,21,30,33,38,39,40],"ascension_level":20}