{"gold_per_floor":[110,125,105,119,132,162,162,195,219,219,236,236,280,280,280,366,366,393,420,84,84,108,108,134,134],"floor_reached":25,"playtime":1080,"items_purged":["Strike_G"],"score":446,"play_id":"6fe5852f-fa93-4361-9970-52b8fb77dc96","local_time":"20220606002142","is_ascension_mode":true,"campfire_choices":[{"data":"Accuracy","floor":10,"key":"SMITH"},{"floor":12,"key":"REST"},{"data":"Accuracy","floor":15,"key":"SMITH"},{"floor":23,"key":"REST"}],"neow_cost":"NONE","seed_source_timestamp":768768978165100,"circlet_count":0,"master_deck":["AscendersBane","Strike_G","Strike_G","Strike_G","Strike_G","Defend_G","Defend_G","Defend_G","Defend_G","Defend_G","Survivor","Neutralize","After Image","Blade Dance","Infinite Blades","Dagger Spray","Backflip","Accuracy+1","Noxious Fumes","Accuracy+1","Glass Knife","Acrobatics","Backflip","Accuracy","PiercingWail+1","Terror"],"relics":["Ring of the Snake","The Courier","Pen Nib","Ancient Tea Set","CeramicFish","NlothsMask","Philosopher\u0027s Stone","Paper Crane"],"potions_floor_usage":[6,8,8,24],"damage_taken":[{"damage":4,"enemies":"Small Slimes","floor":1,"turns":8},{"damage":0,"enemies":"Cultist","floor":2,"turns":4},{"damage":0,"enemies":"2 Louse","floor":4,"turns":2},{"damage":9,"enemies":"Red Slaver","floor":5,"turns":6},{"damage":18,"enemies":"Lagavulin","floor":6,"turns":7},{"damage":29,"enemies":"Gremlin Nob","floor":8,"turns":5},{"damage":14,"enemies":"3 Louse","floor":11,"turns":3},{"damage":13,"enemies":"Lagavulin","floor":13,"turns":6},{"damage":18,"enemies":"Slime Boss","floor":16,"turns":7},{"damage":0,"enemies":"Chosen","floor":18,"turns":3},{"damage":22,"enemies":"3 Byrds","floor":19,"turns":5},{"damage":21,"enemies":"Snake Plant","floor":22,"turns":3},{"damage":11,"enemies":"3 Cultists","floor":24,"turns":3},{"damage":33,"enemies":"Gremlin Leader","floor":25,"turns":4}],"seed_played":"-857542078155932259","potions_obtained":[{"floor":3,"key":"LiquidMemories"},{"floor":5,"key":"Poison Potion"},{"floor":6,"key":"Weak Potion"},{"floor":8,"key":"BlessingOfTheForge"},{"floor":13,"key":"FearPotion"},{"floor":22,"key":"Regen Potion"}],"is_trial":false,"path_per_floor":["M","M","?","M","M","E","?","E","T","R","M","R","E","?","R","B",null,"M","M","$","?","M","R","M","E"],"character_chosen":"THE_SILENT","items_purchased":["Accuracy","Paper Crane"],"campfire_rested":2,"item_purchase_floors":[20,20],"current_hp_per_floor":[55,55,55,55,46,28,66,37,37,37,23,42,29,29,29,11,52,52,30,30,30,9,28,29,0],"gold":134,"neow_bonus":"ONE_RANDOM_RARE_CARD","is_prod":false,"is_daily":false,"chose_seed":false,"campfire_upgraded":2,"win_rate":0,"timestamp":1654500102,"path_taken":["M","M","?","M","?","E","?","E","T","R","?","R","E","?","R","BOSS","M","M","$","?","M","R","M","E"],"build_version":"2022-03-07","purchased_purges":1,"victory":false,"max_hp_per_floor":[66,66,66,66,66,66,66,66,66,66,66,66,66,66,66,66,66,66,66,66,66,66,66,66,66],"card_choices":[{"not_picked":["Dodge and Roll","Quick Slash"],"picked":"Blade Dance","floor":1},{"not_picked":["Sucker Punch","Backflip"],"picked":"Infinite Blades","floor":2},{"not_picked":["Predator","Setup"],"picked":"Dagger Spray","floor":4},{"not_picked":["Masterful Stab","Caltrops"],"picked":"Backflip","floor":5},{"not_picked":["Deadly Poison","Deflect"],"picked":"Accuracy","floor":6},{"not_picked":["Sucker Punch","Calculated Gamble"],"picked":"Noxious Fumes","floor":8},{"not_picked":["Deadly Poison","Slice","Reflex"],"picked":"SKIP","floor":11},{"not_picked":["PiercingWail","Dash"],"picked":"Accuracy","floor":13},{"not_picked":["Tools of the Trade","Night Terror"],"picked":"Glass Knife","floor":16},{"not_picked":["Expertise","Prepared"],"picked":"Acrobatics","floor":18},{"not_picked":["Quick Slash","Underhanded Strike"],"picked":"Backflip","floor":19},{"not_picked":["Dodge and Roll","Underhanded Strike"],"picked":"PiercingWail+1","floor":22},{"not_picked":["Outmaneuver","Predator"],"picked":"Terror","floor":24}],"player_experience":1180387,"relics_obtained":[{"floor":6,"key":"The Courier"},{"floor":8,"key":"Pen Nib"},{"floor":9,"key":"Ancient Tea Set"},{"floor":13,"key":"CeramicFish"}],"event_choices":[{"damage_healed":0,"gold_gain":0,"player_choice":"Bought 1 Potion","damage_taken":0,"max_hp_gain":0,"max_hp_loss":0,"event_name":"The Woman in Blue","floor":3,"gold_loss":0},{"damage_healed":38,"gold_gain":0,"player_choice":"Full Heal","damage_taken":0,"max_hp_gain":0,"max_hp_loss":0,"event_name":"Wheel of Change","floor":7,"gold_loss":0},{"damage_healed":0,"gold_gain":0,"player_choice":"Trade","damage_taken":0,"relics_obtained":["NlothsMask"],"max_hp_gain":0,"max_hp_loss":0,"event_name":"FaceTrader","floor":14,"gold_loss":0},{"damage_healed":0,"gold_gain":0,"player_choice":"Ignored","damage_taken":0,"max_hp_gain":0,"max_hp_loss":0,"event_name":"Vampires","floor":21,"gold_loss":0}],"is_beta":false,"boss_relics":[{"not_picked":["Tiny House","Snecko Eye"],"picked":"Philosopher\u0027s Stone"}],"items_purged_floors":[20],"is_endless":false,"potions_floor_spawned":[5,6,8,13,19,22],"killed_by":"Gremlin Leader","ascension_level":20}