{"gold_per_floor":[117,117,117,131,147,147,165,165,165,165,183,197,228,239,239,318,318,333,333,307,71,82,82,115,315,385,385,405,330,343,343],"floor_reached":31,"playtime":1375,"items_purged":["Strike_B+1"],"score":618,"play_id":"00ce1755-a374-43a2-809a-14e22bdd7731","local_time":"20220604103750","is_ascension_mode":true,"campfire_choices":[{"data":"Creative AI","floor":6,"key":"SMITH"},{"floor":10,"key":"REST"},{"data":"Defragment","floor":15,"key":"SMITH"},{"floor":23,"key":"REST"},{"floor":27,"key":"REST"}],"neow_cost":"NONE","seed_source_timestamp":632625028184200,"circlet_count":0,"master_deck":["AscendersBane","Strike_B+1","Defend_B+1","Defend_B+1","Defend_B+1","Defend_B+1","Zap","Dualcast","Creative AI+1","Ball Lightning","Coolheaded","Turbo","Defragment+1","Coolheaded","Coolheaded","Chill","Sweeping Beam","Echo Form","Turbo","Hologram+1","Rainbow"],"relics":["Cracked Core","Calipers","Gambling Chip","Symbiotic Virus","Snecko Eye","Frozen Eye"],"potions_floor_usage":[16,20,22,24,31],"damage_taken":[{"damage":1,"enemies":"Small Slimes","floor":1,"turns":4},{"damage":7,"enemies":"Jaw Worm","floor":4,"turns":3},{"damage":2,"enemies":"2 Louse","floor":5,"turns":2},{"damage":8,"enemies":"Blue Slaver","floor":7,"turns":4},{"damage":8,"enemies":"Looter","floor":11,"turns":3},{"damage":5,"enemies":"Gremlin Gang","floor":12,"turns":4},{"damage":32,"enemies":"Gremlin Nob","floor":13,"turns":4},{"damage":0,"enemies":"2 Fungi Beasts","floor":14,"turns":4},{"damage":0,"enemies":"Slime Boss","floor":16,"turns":7},{"damage":12,"enemies":"3 Byrds","floor":18,"turns":6},{"damage":15,"enemies":"2 Thieves","floor":20,"turns":4},{"damage":12,"enemies":"Cultist and Chosen","floor":22,"turns":9},{"damage":35,"enemies":"Slavers","floor":24,"turns":6},{"damage":9,"enemies":"Sentry and Sphere","floor":28,"turns":5},{"damage":0,"enemies":"Snake Plant","floor":30,"turns":4},{"damage":19,"enemies":"Gremlin Leader","floor":31,"turns":3}],"seed_played":"-6103099300676090716","potions_obtained":[{"floor":1,"key":"Strength Potion"},{"floor":12,"key":"FairyPotion"},{"floor":14,"key":"PowerPotion"},{"floor":16,"key":"Energy Potion"},{"floor":18,"key":"Swift Potion"},{"floor":22,"key":"AttackPotion"},{"floor":30,"key":"Swift Potion"}],"is_trial":false,"path_per_floor":["M","?","?","M","M","R","M","?","T","R","M","M","E","M","R","B",null,"M","?","M","$","M","R","E","?","T","R","M","?","M","E"],"character_chosen":"DEFECT","items_purchased":["Frozen Eye"],"campfire_rested":3,"item_purchase_floors":[21],"current_hp_per_floor":[63,58,51,44,42,42,34,13,13,34,26,21,21,21,21,21,59,47,47,32,32,20,41,6,6,6,27,18,18,18,0],"gold":343,"neow_bonus":"ONE_RANDOM_RARE_CARD","is_prod":false,"is_daily":false,"chose_seed":false,"campfire_upgraded":2,"win_rate":0,"timestamp":1654364270,"path_taken":["M","?","?","M","M","R","M","?","T","R","M","M","E","M","R","BOSS","M","?","M","$","M","R","E","?","T","R","?","?","M","E"],"build_version":"2022-03-07","purchased_purges":1,"victory":false,"max_hp_per_floor":[71,71,71,71,71,71,71,71,71,71,71,71,71,71,71,71,71,71,71,71,71,71,71,71,71,71,71,71,71,71,71],"card_choices":[{"not_picked":["Darkness","Melter"],"picked":"Ball Lightning","floor":1},{"not_picked":["Barrage","Cold Snap"],"picked":"Coolheaded","floor":4},{"not_picked":["Rip and Tear","Rebound"],"picked":"Turbo","floor":5},{"not_picked":["Hologram","Streamline"],"picked":"Defragment","floor":7},{"not_picked":["Darkness","Cold Snap"],"picked":"Coolheaded","floor":11},{"not_picked":["Reprogram","Stack"],"picked":"Coolheaded","floor":12},{"not_picked":["Stack","Cold Snap"],"picked":"Chill","floor":13},{"not_picked":["Barrage","Stack"],"picked":"Sweeping Beam","floor":14},{"not_picked":["Multi-Cast","Meteor Strike"],"picked":"Echo Form","floor":16},{"not_picked":["Conserve Battery","Aggregate"],"picked":"Turbo","floor":18},{"not_picked":["Beam Cell","Blizzard"],"picked":"Hologram+1","floor":20},{"not_picked":["Sweeping Beam","Double Energy","Redo"],"picked":"SKIP","floor":22},{"not_picked":["Barrage","Storm","Stack"],"picked":"SKIP","floor":24},{"not_picked":["Cold Snap","White Noise","Compile Driver+1"],"picked":"SKIP","floor":28},{"not_picked":["Stack","Compile Driver"],"picked":"Rainbow","floor":30}],"player_experience":1166761,"relics_obtained":[{"floor":9,"key":"Gambling Chip"},{"floor":13,"key":"Symbiotic Virus"}],"event_choices":[{"damage_healed":0,"gold_gain":0,"player_choice":"Success","damage_taken":5,"relics_obtained":["Calipers"],"max_hp_gain":0,"max_hp_loss":0,"event_name":"Scrap Ooze","floor":2,"gold_loss":0},{"cards_removed":["Strike_B"],"damage_healed":0,"gold_gain":0,"player_choice":"Card Removal","damage_taken":7,"max_hp_gain":0,"max_hp_loss":0,"event_name":"Golden Wing","floor":3,"gold_loss":0},{"damage_healed":0,"gold_gain":0,"player_choice":"Entered Light","damage_taken":21,"max_hp_gain":0,"max_hp_loss":0,"event_name":"Shining Light","floor":8,"gold_loss":0,"cards_upgraded":["Defend_B","Strike_B"]},{"damage_healed":0,"gold_gain":0,"player_choice":"Simplicity","damage_taken":0,"max_hp_gain":0,"max_hp_loss":0,"event_name":"Back to Basics","floor":19,"gold_loss":0,"cards_upgraded":["Strike_B","Strike_B","Defend_B","Defend_B","Defend_B"]},{"damage_healed":0,"gold_gain":200,"player_choice":"Gold","damage_taken":0,"max_hp_gain":0,"max_hp_loss":0,"event_name":"Wheel of Change","floor":25,"gold_loss":0},{"cards_removed":["Strike_B"],"damage_healed":0,"gold_gain":0,"player_choice":"Gave Gold","damage_taken":0,"max_hp_gain":0,"max_hp_loss":0,"event_name":"Beggar","floor":29,"gold_loss":75}],"is_beta":false,"boss_relics":[{"not_picked":["Tiny House","SacredBark"],"picked":"Snecko Eye"}],"items_purged_floors":[21],"is_endless":false,"potions_floor_spawned":[1,12,14,16,18,22,30],"killed_by":"Gremlin Leader","ascension_level":20}