{"gold_per_floor":[113,125,144,144,69,108,108,139,139,157,57,73,97,131,143,246,258,293,326,338,371,298,310,355,383,420,432,494,541,553,586,598,708,720,745,757,261,274,305,346,364,172,251,251,294,627,627,658,658,658,658],"floor_reached":51,"playtime":5220,"items_purged":["Defend_P","Defend_P","Strike_P","Strike_P"],"score":1711,"play_id":"8c93ff8c-d781-4f99-9092-be9b8c908555","local_time":"20220601233801","is_ascension_mode":true,"campfire_choices":[{"data":"Eruption","floor":7.0,"key":"SMITH"},{"data":"TalkToTheHand","floor":15.0,"key":"SMITH"},{"data":"TalkToTheHand","floor":23.0,"key":"SMITH"},{"floor":27.0,"key":"REST"},{"data":"Vault","floor":30.0,"key":"SMITH"},{"data":"FlurryOfBlows","floor":32.0,"key":"SMITH"},{"floor":44.0,"key":"REST"},{"data":"EmptyMind","floor":47.0,"key":"SMITH"},{"floor":49.0,"key":"RECALL"}],"neow_cost":"NONE","seed_source_timestamp":0,"circlet_count":0,"master_deck":["AscendersBane","Strike_P","Eruption+1","Vigilance","BowlingBash","TalkToTheHand+1","CutThroughFate","EmptyFist","FearNoEvil","Halt","TalkToTheHand+1","Vault+1","FlurryOfBlows+1","CutThroughFate+1","ClearTheMind","Flash of Steel","WaveOfTheHand+1","EmptyMind+1","MentalFortress+1","InnerPeace","Halt","CutThroughFate"],"special_seed":0,"relics":["Runic Dome","Kunai","Orichalcum","Meat on the Bone","MawBank","Empty Cage","CloakClasp","Regal Pillow","Art of War","SlaversCollar","Sundial","Prayer Wheel","Anchor","Singing Bowl","White Beast Statue"],"potions_floor_usage":[51],"damage_taken":[{"damage":6.0,"enemies":"Jaw Worm","floor":1.0,"turns":4.0},{"damage":0.0,"enemies":"2 Louse","floor":2.0,"turns":2.0},{"damage":0.0,"enemies":"Small Slimes","floor":3.0,"turns":2.0},{"damage":14.0,"enemies":"Lagavulin","floor":6.0,"turns":5.0},{"damage":8.0,"enemies":"Gremlin Nob","floor":8.0,"turns":3.0},{"damage":0.0,"enemies":"Exordium Thugs","floor":10.0,"turns":2.0},{"damage":3.0,"enemies":"Looter","floor":12.0,"turns":2.0},{"damage":0.0,"enemies":"Large Slime","floor":13.0,"turns":3.0},{"damage":5.0,"enemies":"Lagavulin","floor":14.0,"turns":5.0},{"damage":0.0,"enemies":"The Guardian","floor":16.0,"turns":9.0},{"damage":22.0,"enemies":"2 Thieves","floor":18.0,"turns":3.0},{"damage":0.0,"enemies":"Chosen","floor":19.0,"turns":3.0},{"damage":6.0,"enemies":"Centurion and Healer","floor":21.0,"turns":5.0},{"damage":42.0,"enemies":"Gremlin Leader","floor":24.0,"turns":6.0},{"damage":8.0,"enemies":"Snake Plant","floor":25.0,"turns":5.0},{"damage":22.0,"enemies":"Slavers","floor":29.0,"turns":6.0},{"damage":0.0,"enemies":"Cultist and Chosen","floor":31.0,"turns":4.0},{"damage":20.0,"enemies":"Champ","floor":33.0,"turns":12.0},{"damage":0.0,"enemies":"Orb Walker","floor":35.0,"turns":3.0},{"damage":15.0,"enemies":"3 Darklings","floor":38.0,"turns":5.0},{"damage":0.0,"enemies":"Mind Bloom Boss Battle","floor":39.0,"turns":5.0},{"damage":4.0,"enemies":"Nemesis","floor":40.0,"turns":8.0},{"damage":32.0,"enemies":"4 Shapes","floor":41.0,"turns":7.0},{"damage":0.0,"enemies":"Reptomancer","floor":45.0,"turns":9.0},{"damage":0.0,"enemies":"Giant Head","floor":48.0,"turns":7.0},{"damage":1.0,"enemies":"Awakened One","floor":50.0,"turns":16.0},{"damage":66,"enemies":"Time Eater","floor":51,"turns":17}],"seed_played":"5942816962670299184","potions_obtained":[{"floor":2.0,"key":"ColorlessPotion"},{"floor":3.0,"key":"Regen Potion"},{"floor":10.0,"key":"Fire Potion"},{"floor":12.0,"key":"EntropicBrew"},{"floor":14.0,"key":"Dexterity Potion"},{"floor":21.0,"key":"Fire Potion"},{"floor":24.0,"key":"EssenceOfSteel"},{"floor":25.0,"key":"FearPotion"},{"floor":33.0,"key":"Weak Potion"},{"floor":35.0,"key":"BlessingOfTheForge"},{"floor":38.0,"key":"FearPotion"},{"floor":45.0,"key":"Explosive Potion"}],"is_trial":false,"path_per_floor":["M","M","M","?","$","E","R","E","T","M","$","M","M","E","R","B",null,"M","M","?","M","?","R","E","M","T","R","?","E","R","M","R","B",null,"M","?","$","M","?","E","M","$","T","R","E","?","R","E","R","B","B"],"character_chosen":"WATCHER","items_purchased":["Flash of Steel","Sundial","InnerPeace"],"campfire_rested":2,"item_purchase_floors":[37,37,42],"current_hp_per_floor":[55,55,55,55,55,41,41,33,33,33,33,42,42,51,51,51,59,37,37,37,43,43,43,13,17,17,50,44,34,34,34,34,26,53,53,53,53,38,38,34,14,14,14,47,47,47,47,47,47,46,0],"gold":658,"neow_bonus":"BOSS_RELIC","is_prod":false,"is_daily":false,"chose_seed":false,"campfire_upgraded":6,"win_rate":0,"timestamp":1654151881,"path_taken":["M","M","M","?","$","E","R","E","T","M","$","M","M","E","R","BOSS","M","M","?","M","?","R","E","M","T","R","?","E","R","?","R","BOSS","M","?","$","M","?","E","M","$","T","R","E","?","R","E","R","BOSS","BOSS"],"build_version":"2022-03-07","purchased_purges":4,"victory":false,"max_hp_per_floor":[68,68,68,62,62,62,62,62,62,62,62,62,62,62,62,62,62,62,62,62,62,62,62,62,62,62,62,62,62,62,62,62,62,62,62,62,62,62,62,62,62,62,62,62,62,62,62,62,62,62,62],"card_choices":[{"not_picked":["Halt","Study"],"picked":"BowlingBash","floor":1.0},{"not_picked":["Vengeance","PathToVictory"],"picked":"TalkToTheHand","floor":2.0},{"not_picked":["PathToVictory","Sanctity"],"picked":"CutThroughFate","floor":3.0},{"not_picked":["Wireheading","DevaForm","BowlingBash"],"picked":"SKIP","floor":6.0},{"not_picked":["Swivel","Indignation"],"picked":"EmptyFist","floor":8.0},{"not_picked":["JustLucky","EmptyFist"],"picked":"FearNoEvil","floor":10.0},{"not_picked":["CrushJoints","SignatureMove"],"picked":"Halt","floor":12.0},{"not_picked":["Consecrate","Swivel","Prostrate"],"picked":"SKIP","floor":13.0},{"not_picked":["Halt","FollowUp"],"picked":"TalkToTheHand","floor":14.0},{"not_picked":["DevaForm","MasterReality"],"picked":"Vault","floor":16.0},{"not_picked":["Protect","CrushJoints","Prostrate"],"picked":"SKIP","floor":18.0},{"not_picked":["FlyingSleeves","Consecrate","Worship+1"],"picked":"SKIP","floor":19.0},{"not_picked":["SashWhip+1","SandsOfTime+1"],"picked":"FlurryOfBlows","floor":21.0},{"not_picked":["FollowUp","BattleHymn","CarveReality"],"picked":"SKIP","floor":24.0},{"not_picked":["CrushJoints","FearNoEvil","Protect"],"picked":"SKIP","floor":25.0},{"not_picked":["CrushJoints","WaveOfTheHand"],"picked":"CutThroughFate+1","floor":29.0},{"not_picked":["EmptyBody","Wish"],"picked":"ClearTheMind","floor":31.0},{"not_picked":["PathToVictory","Protect","EmptyBody+1"],"picked":"SKIP","floor":35.0},{"not_picked":["JustLucky+1","Sanctity"],"picked":"WaveOfTheHand+1","floor":38.0},{"not_picked":["CrushJoints","WindmillStrike+1"],"picked":"EmptyMind","floor":39.0},{"not_picked":["BowlingBash+1","Evaluate","ThirdEye"],"picked":"SKIP","floor":40.0},{"not_picked":["SandsOfTime","Consecrate"],"picked":"MentalFortress+1","floor":41.0},{"not_picked":["Worship","Wallop+1","EmptyFist"],"picked":"SKIP","floor":41.0},{"not_picked":["Prostrate","CutThroughFate"],"picked":"Halt","floor":45.0},{"not_picked":["Nirvana","ConjureBlade"],"picked":"CutThroughFate","floor":48.0}],"player_experience":1156436,"relics_obtained":[{"floor":6.0,"key":"Kunai"},{"floor":8.0,"key":"Orichalcum"},{"floor":9.0,"key":"Meat on the Bone"},{"floor":14.0,"key":"MawBank"},{"floor":24.0,"key":"Regal Pillow"},{"floor":29.0,"key":"Art of War"},{"floor":39.0,"key":"Prayer Wheel"},{"floor":40.0,"key":"Anchor"},{"floor":43.0,"key":"Singing Bowl"},{"floor":45.0,"key":"White Beast Statue"}],"event_choices":[{"damage_healed":0.0,"max_hp_gain":0.0,"max_hp_loss":6.0,"gold_gain":0.0,"event_name":"Golden Idol","player_choice":"Lose Max HP","floor":4.0,"gold_loss":0.0,"damage_taken":0.0,"relics_obtained":["Golden Idol"]},{"cards_removed":["Strike_P"],"damage_healed":0.0,"max_hp_gain":0.0,"max_hp_loss":0.0,"gold_gain":0.0,"event_name":"Back to Basics","player_choice":"Elegance","floor":20.0,"gold_loss":0.0,"damage_taken":0.0},{"damage_healed":0.0,"max_hp_gain":0.0,"max_hp_loss":0.0,"gold_gain":0.0,"event_name":"Addict","player_choice":"Obtained Relic","floor":22.0,"gold_loss":85.0,"damage_taken":0.0,"relics_obtained":["CloakClasp"]},{"damage_healed":0.0,"max_hp_gain":0.0,"max_hp_loss":0.0,"gold_gain":50.0,"event_name":"FaceTrader","player_choice":"Touch","floor":28.0,"gold_loss":0.0,"damage_taken":6.0},{"damage_healed":0.0,"max_hp_gain":0.0,"max_hp_loss":0.0,"gold_gain":0.0,"event_name":"Tomb of Lord Red Mask","player_choice":"Ignored","floor":36.0,"gold_loss":0.0,"damage_taken":0.0},{"damage_healed":0.0,"max_hp_gain":0.0,"max_hp_loss":0.0,"gold_gain":0.0,"event_name":"MindBloom","player_choice":"Fight","floor":39.0,"gold_loss":0.0,"damage_taken":0.0},{"damage_healed":0.0,"max_hp_gain":0.0,"max_hp_loss":0.0,"gold_gain":333.0,"event_name":"The Moai Head","player_choice":"Gave Idol","floor":46.0,"relics_lost":["Golden Idol"],"gold_loss":0.0,"damage_taken":0.0}],"is_beta":false,"boss_relics":[{"not_picked":["Busted Crown","Sozu"],"picked":"Empty Cage"},{"not_picked":["Philosopher\u0027s Stone","Snecko Eye"],"picked":"SlaversCollar"}],"items_purged_floors":[5,11,37,42],"is_endless":false,"potions_floor_spawned":[2,3,10,12,13,14,21,24,25,33,35,38,45,48],"killed_by":"Time Eater","ascension_level":20}