{"gold_per_floor":[118,128,141,141,156,156,188,203,203,237,237,272,340,358,358,437,437,451,463,137,112,12,41,41,74,101,131,131,147,147,160,160,234,234,247,297,308,358,428,428,461,511,588,618,638,648,99,113,113,113,113],"floor_reached":51,"playtime":4009,"items_purged":["Strike_G","Strike_G","Strike_G"],"score":1778,"play_id":"6775a367-ce38-40be-9d36-bc8ebbfc600e","local_time":"20220605133320","is_ascension_mode":true,"campfire_choices":[{"data":"Underhanded Strike","floor":6.0,"key":"SMITH"},{"data":"Footwork","floor":11.0,"key":"SMITH"},{"data":"Prepared","floor":15.0,"key":"SMITH"},{"data":"Noxious Fumes","floor":24.0,"key":"SMITH"},{"data":"Footwork","floor":28.0,"key":"SMITH"},{"data":"Adrenaline","floor":30.0,"key":"SMITH"},{"data":"Well Laid Plans","floor":32.0,"key":"SMITH"},{"data":"Accuracy","floor":40.0,"key":"SMITH"},{"floor":49.0,"key":"RECALL"}],"neow_cost":"NONE","seed_source_timestamp":0,"circlet_count":0,"master_deck":["AscendersBane","Strike_G","Defend_G","Defend_G","Defend_G+1","Defend_G","Defend_G+1","Survivor","Neutralize+1","Underhanded Strike+1","Quick Slash","Blade Dance","Acrobatics","Footwork+1","Backflip","Adrenaline+1","Unload","Backflip","Prepared+1","Tools of the Trade","Crippling Poison","Footwork+1","Noxious Fumes+1","Prepared+1","PiercingWail","Accuracy+1","Well Laid Plans+1","Backflip","Venomology","Catalyst+1","Madness","Madness","Reflex","Acrobatics+1","Trip","Good Instincts","Calculated Gamble+1","Cloak And Dagger+1","Acrobatics+1","Bouncing Flask+1"],"special_seed":0,"relics":["Ring of the Snake","SsserpentHead","StrikeDummy","Meat on the Bone","Mango","White Beast Statue","Coffee Dripper","Snake Skull","Smiling Mask","Mummified Hand","Oddly Smooth Stone","War Paint","Runic Pyramid","StoneCalendar","Toxic Egg 2","Gambling Chip","OrangePellets"],"potions_floor_usage":[51],"damage_taken":[{"damage":0.0,"enemies":"Cultist","floor":1.0,"turns":4.0},{"damage":0.0,"enemies":"Jaw Worm","floor":2.0,"turns":7.0},{"damage":2.0,"enemies":"Small Slimes","floor":3.0,"turns":4.0},{"damage":0.0,"enemies":"Looter","floor":5.0,"turns":3.0},{"damage":17.0,"enemies":"3 Sentries","floor":7.0,"turns":7.0},{"damage":11.0,"enemies":"Lots of Slimes","floor":8.0,"turns":5.0},{"damage":8.0,"enemies":"Gremlin Nob","floor":10.0,"turns":3.0},{"damage":12.0,"enemies":"3 Sentries","floor":12.0,"turns":11.0},{"damage":0.0,"enemies":"Blue Slaver","floor":13.0,"turns":4.0},{"damage":11.0,"enemies":"Looter","floor":14.0,"turns":3.0},{"damage":0.0,"enemies":"Hexaghost","floor":16.0,"turns":8.0},{"damage":0.0,"enemies":"3 Byrds","floor":18.0,"turns":5.0},{"damage":11.0,"enemies":"2 Thieves","floor":19.0,"turns":4.0},{"damage":21.0,"enemies":"Slavers","floor":23.0,"turns":5.0},{"damage":0.0,"enemies":"Gremlin Leader","floor":25.0,"turns":7.0},{"damage":13.0,"enemies":"Book of Stabbing","floor":27.0,"turns":7.0},{"damage":0.0,"enemies":"Snecko","floor":29.0,"turns":3.0},{"damage":3.0,"enemies":"Cultist and Chosen","floor":31.0,"turns":6.0},{"damage":20.0,"enemies":"Collector","floor":33.0,"turns":9.0},{"damage":0.0,"enemies":"3 Darklings","floor":35.0,"turns":4.0},{"damage":19.0,"enemies":"3 Shapes","floor":37.0,"turns":4.0},{"damage":1.0,"enemies":"Spire Growth","floor":39.0,"turns":6.0},{"damage":0.0,"enemies":"Nemesis","floor":41.0,"turns":7.0},{"damage":21.0,"enemies":"Reptomancer","floor":44.0,"turns":7.0},{"damage":4.0,"enemies":"Sphere and 2 Shapes","floor":45.0,"turns":5.0},{"damage":1.0,"enemies":"Maw","floor":46.0,"turns":6.0},{"damage":0.0,"enemies":"Writhing Mass","floor":48.0,"turns":5.0},{"damage":34.0,"enemies":"Awakened One","floor":50.0,"turns":18.0},{"damage":28,"enemies":"Time Eater","floor":51,"turns":6}],"seed_played":"-5570632757418909722","potions_obtained":[{"floor":3.0,"key":"BlessingOfTheForge"},{"floor":8.0,"key":"Weak Potion"},{"floor":10.0,"key":"CultistPotion"},{"floor":16.0,"key":"PowerPotion"},{"floor":18.0,"key":"SteroidPotion"},{"floor":19.0,"key":"Explosive Potion"},{"floor":23.0,"key":"Swift Potion"},{"floor":25.0,"key":"Strength Potion"},{"floor":27.0,"key":"Strength Potion"},{"floor":29.0,"key":"Swift Potion"},{"floor":31.0,"key":"DuplicationPotion"},{"floor":44.0,"key":"Poison Potion"}],"is_trial":false,"path_per_floor":["M","M","M","?","M","R","E","M","T","E","R","E","M","M","R","B",null,"M","M","$","?","$","E","R","E","T","E","R","M","R","M","R","B",null,"M","?","M","?","M","R","E","?","T","E","M","M","$","M","R","B","B"],"character_chosen":"THE_SILENT","items_purchased":["Snake Skull","Noxious Fumes","Gambling Chip","OrangePellets"],"campfire_rested":0,"item_purchase_floors":[20,20,47,47],"current_hp_per_floor":[59,59,57,57,57,57,40,29,29,47,47,47,47,48,48,48,72,72,61,61,61,61,52,52,52,52,51,51,51,51,48,48,40,70,70,56,49,49,48,48,48,38,38,29,37,48,48,48,48,26,0],"gold":113,"neow_bonus":"UPGRADE_CARD","is_prod":false,"is_daily":false,"chose_seed":false,"campfire_upgraded":8,"win_rate":0,"timestamp":1654461200,"path_taken":["M","?","M","?","M","R","E","M","T","E","R","E","?","M","R","BOSS","M","M","$","?","$","E","R","E","T","E","R","M","R","M","R","BOSS","M","?","M","?","?","R","E","?","T","E","M","M","$","M","R","BOSS","BOSS"],"build_version":"2022-03-07","purchased_purges":3,"victory":false,"max_hp_per_floor":[66,66,66,66,66,66,66,66,66,80,80,80,80,80,80,80,80,80,80,80,80,80,80,80,80,80,80,80,80,80,80,80,80,80,80,80,80,80,80,80,80,80,80,80,80,80,80,80,80,80,80],"card_choices":[{"not_picked":["Choke","Flechettes"],"picked":"Underhanded Strike","floor":1.0},{"not_picked":["Distraction","Cloak And Dagger"],"picked":"Quick Slash","floor":2.0},{"not_picked":["Accuracy","Eviscerate"],"picked":"Blade Dance","floor":3.0},{"not_picked":["Outmaneuver","Finisher"],"picked":"Acrobatics","floor":5.0},{"not_picked":["Dagger Spray","PiercingWail"],"picked":"Footwork","floor":7.0},{"not_picked":["Endless Agony","Poisoned Stab"],"picked":"Backflip","floor":8.0},{"not_picked":["Poisoned Stab","Slice"],"picked":"Adrenaline","floor":10.0},{"not_picked":["Deadly Poison","Sucker Punch"],"picked":"Unload","floor":12.0},{"not_picked":["Expertise","Blade Dance"],"picked":"Backflip","floor":13.0},{"not_picked":["Dodge and Roll","Dagger Throw"],"picked":"Prepared","floor":14.0},{"not_picked":["Bullet Time","Phantasmal Killer"],"picked":"Tools of the Trade","floor":16.0},{"not_picked":["Outmaneuver","Bane"],"picked":"Crippling Poison","floor":18.0},{"not_picked":["Terror","Dagger Throw"],"picked":"Footwork","floor":19.0},{"not_picked":["Caltrops","Concentrate"],"picked":"Prepared+1","floor":23.0},{"not_picked":["Poisoned Stab","Backflip"],"picked":"PiercingWail","floor":25.0},{"not_picked":["Infinite Blades","Flying Knee"],"picked":"Accuracy","floor":27.0},{"not_picked":["All Out Attack","Acrobatics"],"picked":"Well Laid Plans","floor":29.0},{"not_picked":["Sucker Punch","Dagger Throw+1"],"picked":"Backflip","floor":31.0},{"not_picked":["Grand Finale","Glass Knife"],"picked":"Venomology","floor":33.0},{"not_picked":["Flying Knee","Dagger Spray"],"picked":"Catalyst","floor":35.0},{"not_picked":["Finisher","Predator","Prepared+1"],"picked":"SKIP","floor":37.0},{"not_picked":["Deflect+1","Outmaneuver"],"picked":"Reflex","floor":39.0},{"not_picked":["Dagger Throw","Setup"],"picked":"Acrobatics+1","floor":41.0},{"not_picked":["Magnetism","HandOfGreed"],"picked":"Trip","floor":42.0},{"not_picked":["HandOfGreed","Metamorphosis"],"picked":"Good Instincts","floor":42.0},{"not_picked":["Infinite Blades+1","Flying Knee+1"],"picked":"Calculated Gamble+1","floor":44.0},{"not_picked":["PiercingWail+1","Heel Hook+1"],"picked":"Cloak And Dagger+1","floor":45.0},{"not_picked":["Bane+1","Sucker Punch+1"],"picked":"Acrobatics+1","floor":46.0},{"not_picked":["Well Laid Plans+1","Expertise+1"],"picked":"Bouncing Flask+1","floor":48.0}],"player_experience":1173432,"relics_obtained":[{"floor":7.0,"key":"StrikeDummy"},{"floor":9.0,"key":"Meat on the Bone"},{"floor":10.0,"key":"Mango"},{"floor":12.0,"key":"White Beast Statue"},{"floor":23.0,"key":"Smiling Mask"},{"floor":25.0,"key":"Mummified Hand"},{"floor":26.0,"key":"Oddly Smooth Stone"},{"floor":27.0,"key":"War Paint"},{"floor":41.0,"key":"StoneCalendar"},{"floor":44.0,"key":"Toxic Egg 2"}],"event_choices":[{"damage_healed":0.0,"max_hp_gain":0.0,"max_hp_loss":0.0,"gold_gain":0.0,"event_name":"FaceTrader","player_choice":"Trade","floor":4.0,"gold_loss":0.0,"damage_taken":0.0,"relics_obtained":["SsserpentHead"]},{"cards_removed":["Strike_G"],"damage_healed":0.0,"max_hp_gain":0.0,"max_hp_loss":0.0,"gold_gain":0.0,"event_name":"Beggar","player_choice":"Gave Gold","floor":21.0,"gold_loss":75.0,"damage_taken":0.0},{"damage_healed":0.0,"max_hp_gain":0.0,"max_hp_loss":0.0,"gold_gain":0.0,"event_name":"Winding Halls","player_choice":"Embrace Madness","floor":36.0,"gold_loss":0.0,"damage_taken":14.0,"cards_obtained":["Madness","Madness"]},{"damage_healed":0.0,"max_hp_gain":0.0,"max_hp_loss":0.0,"gold_gain":0.0,"event_name":"Accursed Blacksmith","player_choice":"Forge","floor":38.0,"gold_loss":0.0,"damage_taken":0.0,"cards_upgraded":["Catalyst"]},{"damage_healed":0.0,"max_hp_gain":0.0,"max_hp_loss":0.0,"gold_gain":0.0,"event_name":"SensoryStone","player_choice":"Memory 3","floor":42.0,"gold_loss":0.0,"damage_taken":10.0}],"is_beta":false,"boss_relics":[{"not_picked":["Fusion Hammer","SlaversCollar"],"picked":"Coffee Dripper"},{"not_picked":["Astrolabe","Snecko Eye"],"picked":"Runic Pyramid"}],"items_purged_floors":[20,22,47],"is_endless":false,"potions_floor_spawned":[3,8,10,12,13,14,16,18,19,23,25,27,29,31,33,35,37,39,41,44,45,46,48],"killed_by":"Time Eater","ascension_level":20}