{"gold_per_floor":[16,30,30,30,44,44,93,15,97,127,127,137,137],"floor_reached":13,"playtime":336,"items_purged":[],"score":166,"play_id":"15e14fdd-95fd-4d86-a568-3701f303b283","local_time":"20220608194840","is_ascension_mode":true,"campfire_choices":[{"data":"Flex","floor":6,"key":"SMITH"},{"data":"Limit Break","floor":11,"key":"SMITH"}],"neow_cost":"NO_GOLD","seed_source_timestamp":1012362567241700,"circlet_count":0,"master_deck":["AscendersBane","Strike_R","Strike_R","Strike_R","Defend_R","Defend_R","Bash","Limit Break+1","Power Through","Rupture","True Grit","Power Through","Sentinel","Flex+1","Bloodletting","Fire Breathing","Corruption"],"relics":["Burning Blood","Paper Frog","Regal Pillow"],"potions_floor_usage":[10,13,13],"damage_taken":[{"damage":0,"enemies":"Cultist","floor":1,"turns":4},{"damage":7,"enemies":"2 Louse","floor":2,"turns":3},{"damage":9,"enemies":"Jaw Worm","floor":5,"turns":7},{"damage":22,"enemies":"Lagavulin","floor":10,"turns":8},{"damage":13,"enemies":"Looter","floor":12,"turns":5},{"damage":69,"enemies":"Gremlin Nob","floor":13,"turns":4}],"seed_played":"3045674917653121852","potions_obtained":[{"floor":5,"key":"GamblersBrew"},{"floor":10,"key":"BloodPotion"},{"floor":12,"key":"EssenceOfSteel"}],"is_trial":false,"path_per_floor":["M","M","?","?","M","R","T","$","T","E","R","M","E"],"character_chosen":"IRONCLAD","items_purchased":["Bloodletting"],"campfire_rested":0,"item_purchase_floors":[8],"current_hp_per_floor":[74,73,73,73,70,70,70,70,70,54,54,47,0],"gold":137,"neow_bonus":"TRANSFORM_TWO_CARDS","is_prod":false,"is_daily":false,"chose_seed":false,"campfire_upgraded":2,"win_rate":0,"timestamp":1654742920,"path_taken":["M","M","?","?","?","R","?","$","T","E","R","M","E"],"build_version":"2022-03-07","purchased_purges":0,"victory":false,"max_hp_per_floor":[75,75,75,75,75,75,75,75,75,75,75,75,75],"card_choices":[{"not_picked":["Clothesline","Sentinel"],"picked":"Rupture","floor":1},{"not_picked":["Sentinel","Entrench"],"picked":"True Grit","floor":2},{"not_picked":["Sword Boomerang","Warcry"],"picked":"Flex","floor":5},{"not_picked":["Flex","Anger"],"picked":"Fire Breathing","floor":10},{"not_picked":["Ghostly Armor","Headbutt"],"picked":"Corruption","floor":12}],"player_experience":1194457,"relics_obtained":[{"floor":9,"key":"Paper Frog"},{"floor":10,"key":"Regal Pillow"}],"event_choices":[{"damage_healed":0,"gold_gain":0,"cards_transformed":["Strike_R"],"player_choice":"Change","damage_taken":0,"max_hp_gain":0,"max_hp_loss":0,"event_name":"Living Wall","floor":3,"gold_loss":0,"cards_obtained":["Power Through"]},{"damage_healed":0,"gold_gain":0,"cards_transformed":["Defend_R"],"player_choice":"Transformed","damage_taken":0,"max_hp_gain":0,"max_hp_loss":0,"event_name":"Transmorgrifier","floor":4,"gold_loss":0,"cards_obtained":["Sentinel"]}],"is_beta":false,"boss_relics":[],"items_purged_floors":[],"is_endless":false,"potions_floor_spawned":[5,10,12],"killed_by":"Gremlin Nob","ascension_level":20}