{"gold_per_floor":[118,131,146,161,177,210,224,257,257,257,288,288,288,302,302,376,376,392,392,404,249,249,279,100,127,151,165,165,165,176,51,51,130,130,150,174,190,103,156,183,63,89,89,119,133,0,0,18,18,18,18,18,18,18,46,46],"floor_reached":57,"playtime":2603,"items_purged":["Pain","Defend_P","Strike_P","Conclude"],"score":2950,"play_id":"49ceb894-307d-43c1-85d1-d9534660699d","local_time":"20220604135224","is_ascension_mode":true,"campfire_choices":[{"floor":13.0,"key":"REST"},{"data":"CrushJoints","floor":15.0,"key":"SMITH"},{"data":"Eruption","floor":29.0,"key":"SMITH"},{"data":"EmptyMind","floor":32.0,"key":"SMITH"},{"floor":47.0,"key":"RECALL"},{"floor":49.0,"key":"REST"},{"floor":53.0,"key":"REST"}],"neow_cost":"NONE","seed_source_timestamp":642959574858800,"circlet_count":0,"master_deck":["AscendersBane","Strike_P","Strike_P","Strike_P","Eruption+1","Vigilance+1","EmptyMind+1","WheelKick","TalkToTheHand","FearNoEvil","CrushJoints+1","FlurryOfBlows","LikeWater+1","MentalFortress+1","Devotion+1","JustLucky","Adaptation+1","Adaptation+1","ClearTheMind","MentalFortress+1","ClearTheMind+1","Meditate+1","Tantrum"],"special_seed":0,"relics":["PureWater","Akabeko","Tiny Chest","White Beast Statue","Frozen Egg 2","Runic Pyramid","WarpedTongs","Orichalcum","Shuriken","Toy Ornithopter","Busted Crown","War Paint","Girya","The Courier","Bag of Preparation","TeardropLocket","Bag of Marbles","Red Mask","InkBottle"],"potions_floor_usage":[56,56],"damage_taken":[{"damage":0.0,"enemies":"Cultist","floor":1.0,"turns":2.0},{"damage":6.0,"enemies":"Small Slimes","floor":2.0,"turns":4.0},{"damage":0.0,"enemies":"2 Louse","floor":3.0,"turns":3.0},{"damage":0.0,"enemies":"Exordium Wildlife","floor":4.0,"turns":1.0},{"damage":13.0,"enemies":"Lots of Slimes","floor":5.0,"turns":3.0},{"damage":20.0,"enemies":"Lagavulin","floor":6.0,"turns":6.0},{"damage":0.0,"enemies":"Red Slaver","floor":7.0,"turns":1.0},{"damage":0.0,"enemies":"Gremlin Nob","floor":8.0,"turns":2.0},{"damage":12.0,"enemies":"Lagavulin","floor":11.0,"turns":3.0},{"damage":0.0,"enemies":"3 Louse","floor":14.0,"turns":1.0},{"damage":11.0,"enemies":"Hexaghost","floor":16.0,"turns":7.0},{"damage":0.0,"enemies":"Chosen","floor":18.0,"turns":2.0},{"damage":23.0,"enemies":"2 Thieves","floor":20.0,"turns":3.0},{"damage":0.0,"enemies":"Book of Stabbing","floor":23.0,"turns":4.0},{"damage":5.0,"enemies":"Gremlin Leader","floor":25.0,"turns":5.0},{"damage":7.0,"enemies":"Centurion and Healer","floor":27.0,"turns":4.0},{"damage":0.0,"enemies":"Snake Plant","floor":30.0,"turns":1.0},{"damage":5.0,"enemies":"Collector","floor":33.0,"turns":5.0},{"damage":1.0,"enemies":"Orb Walker","floor":35.0,"turns":2.0},{"damage":11.0,"enemies":"3 Darklings","floor":37.0,"turns":3.0},{"damage":18.0,"enemies":"2 Orb Walkers","floor":39.0,"turns":3.0},{"damage":9.0,"enemies":"Nemesis","floor":40.0,"turns":3.0},{"damage":4.0,"enemies":"Giant Head","floor":42.0,"turns":3.0},{"damage":3.0,"enemies":"Reptomancer","floor":44.0,"turns":4.0},{"damage":0.0,"enemies":"Spire Growth","floor":45.0,"turns":2.0},{"damage":2.0,"enemies":"Jaw Worm Horde","floor":48.0,"turns":3.0},{"damage":11.0,"enemies":"Donu and Deca","floor":50.0,"turns":4.0},{"damage":17.0,"enemies":"Time Eater","floor":51.0,"turns":4.0},{"damage":6,"enemies":"Shield and Spear","floor":55,"turns":3},{"damage":21,"enemies":"The Heart","floor":56,"turns":6}],"seed_played":"2532089954350475480","potions_obtained":[{"floor":3.0,"key":"Explosive Potion"},{"floor":4.0,"key":"ColorlessPotion"},{"floor":6.0,"key":"SkillPotion"},{"floor":7.0,"key":"DuplicationPotion"},{"floor":11.0,"key":"Fire Potion"},{"floor":14.0,"key":"Fruit Juice"},{"floor":16.0,"key":"SteroidPotion"},{"floor":18.0,"key":"DistilledChaos"},{"floor":20.0,"key":"Strength Potion"},{"floor":23.0,"key":"Fire Potion"},{"floor":25.0,"key":"GamblersBrew"},{"floor":27.0,"key":"FearPotion"},{"floor":30.0,"key":"DuplicationPotion"},{"floor":33.0,"key":"DistilledChaos"},{"floor":37.0,"key":"StancePotion"},{"floor":39.0,"key":"PowerPotion"},{"floor":55,"key":"BlessingOfTheForge"}],"is_trial":false,"path_per_floor":["M","M","M","M","M","E","M","E","T","?","E","?","R","M","R","B",null,"M","?","M","$","T","E","$","E","T","M","?","R","M","$","R","B",null,"M","T","M","$","?","E","$","E","T","E","M","?","R","M","R","B","B",null,"R","$","E","B",null],"character_chosen":"WATCHER","items_purchased":["Adaptation+1","MentalFortress+1","Tantrum"],"campfire_rested":3,"item_purchase_floors":[21,24,38],"current_hp_per_floor":[61,55,55,55,42,22,22,22,22,22,10,3,23,23,23,17,59,59,59,36,36,36,36,36,31,31,29,29,29,39,39,39,34,63,62,62,56,56,43,34,34,30,30,27,27,27,27,25,46,35,23,61,73,73,67,56],"gold":46,"neow_bonus":"REMOVE_CARD","is_prod":false,"is_daily":false,"chose_seed":false,"campfire_upgraded":3,"win_rate":0,"timestamp":1654375944,"path_taken":["M","?","M","M","?","E","M","E","T","?","E","?","R","M","R","BOSS","M","?","M","$","?","E","$","E","T","?","?","R","M","?","R","BOSS","M","?","M","$","?","E","$","E","T","E","M","?","R","M","R","BOSS","BOSS","R","$","E","BOSS"],"build_version":"2022-03-07","purchased_purges":4,"victory":true,"max_hp_per_floor":[68,68,68,68,68,68,68,68,68,68,68,68,68,68,68,73,73,73,73,73,73,73,73,73,73,73,73,73,73,73,73,73,73,73,73,73,73,73,73,73,73,73,73,73,73,73,73,73,73,73,73,73,73,73,73,73],"card_choices":[{"not_picked":["ClearTheMind","PathToVictory"],"picked":"EmptyMind","floor":1.0},{"not_picked":["EmptyFist","Weave"],"picked":"Conclude","floor":2.0},{"not_picked":["InnerPeace","Crescendo"],"picked":"WheelKick","floor":3.0},{"not_picked":["Collect","Study"],"picked":"TalkToTheHand","floor":4.0},{"not_picked":["PathToVictory","Worship"],"picked":"FearNoEvil","floor":5.0},{"not_picked":["Ragnarok","LikeWater"],"picked":"CrushJoints","floor":6.0},{"not_picked":["ThirdEye","Vengeance"],"picked":"FlurryOfBlows","floor":7.0},{"not_picked":["SashWhip","CrushJoints","Evaluate"],"picked":"SKIP","floor":8.0},{"not_picked":["Consecrate","Crescendo"],"picked":"LikeWater+1","floor":11.0},{"not_picked":["Perseverance","Swivel"],"picked":"MentalFortress+1","floor":14.0},{"not_picked":["Alpha","Brilliance"],"picked":"Devotion+1","floor":16.0},{"not_picked":["PathToVictory","Fasting2+1"],"picked":"JustLucky","floor":18.0},{"not_picked":["FearNoEvil","Halt"],"picked":"Adaptation+1","floor":20.0},{"not_picked":["ThirdEye","SignatureMove"],"picked":"ClearTheMind","floor":23.0},{"not_picked":["LikeWater+1","WindmillStrike","Ragnarok"],"picked":"SKIP","floor":25.0},{"not_picked":["EmptyMind","EmptyFist"],"picked":"ClearTheMind","floor":27.0},{"not_picked":["Consecrate","Evaluate","CrushJoints"],"picked":"SKIP","floor":30.0},{"not_picked":[],"picked":"Meditate+1","floor":35.0},{"not_picked":["Halt"],"picked":"SKIP","floor":37.0},{"not_picked":["ThirdEye"],"picked":"SKIP","floor":40.0},{"not_picked":["FlurryOfBlows"],"picked":"SKIP","floor":42.0},{"not_picked":["JustLucky"],"picked":"SKIP","floor":44.0},{"not_picked":["PathToVictory"],"picked":"SKIP","floor":45.0},{"not_picked":["Crescendo"],"picked":"SKIP","floor":48.0},{"not_picked":["EmptyBody"],"picked":"SKIP","floor":55}],"player_experience":1168136,"relics_obtained":[{"floor":6.0,"key":"Akabeko"},{"floor":8.0,"key":"Tiny Chest"},{"floor":9.0,"key":"White Beast Statue"},{"floor":11.0,"key":"Frozen Egg 2"},{"floor":23.0,"key":"Orichalcum"},{"floor":25.0,"key":"Shuriken"},{"floor":26.0,"key":"Toy Ornithopter"},{"floor":36.0,"key":"War Paint"},{"floor":39.0,"key":"Girya"},{"floor":40.0,"key":"The Courier"},{"floor":42.0,"key":"Bag of Preparation"},{"floor":43.0,"key":"TeardropLocket"},{"floor":44.0,"key":"Bag of Marbles"},{"floor":55,"key":"InkBottle"}],"event_choices":[{"damage_healed":0.0,"max_hp_gain":0.0,"max_hp_loss":0.0,"gold_gain":0.0,"event_name":"Liars Game","player_choice":"Ignored","floor":10.0,"gold_loss":0.0,"damage_taken":0.0},{"cards_removed":["Defend_P"],"damage_healed":0.0,"max_hp_gain":0.0,"max_hp_loss":0.0,"gold_gain":0.0,"event_name":"Golden Wing","player_choice":"Card Removal","floor":12.0,"gold_loss":0.0,"damage_taken":7.0},{"damage_healed":0.0,"max_hp_gain":0.0,"max_hp_loss":0.0,"gold_gain":0.0,"event_name":"Accursed Blacksmith","player_choice":"Rummage","floor":19.0,"gold_loss":0.0,"damage_taken":0.0,"relics_obtained":["WarpedTongs"],"cards_obtained":["Pain"]},{"cards_removed":["Defend_P"],"damage_healed":0.0,"max_hp_gain":0.0,"max_hp_loss":0.0,"gold_gain":0.0,"event_name":"Back to Basics","player_choice":"Elegance","floor":28.0,"gold_loss":0.0,"damage_taken":0.0},{"damage_healed":0.0,"max_hp_gain":0.0,"max_hp_loss":0.0,"gold_gain":0.0,"event_name":"Mysterious Sphere","player_choice":"Fight","floor":39.0,"gold_loss":0.0,"damage_taken":0.0},{"damage_healed":0.0,"max_hp_gain":0.0,"max_hp_loss":0.0,"gold_gain":0.0,"event_name":"Tomb of Lord Red Mask","player_choice":"Paid","floor":46.0,"gold_loss":133.0,"damage_taken":0.0,"relics_obtained":["Red Mask"]}],"is_beta":false,"boss_relics":[{"not_picked":["Philosopher\u0027s Stone","Runic Dome"],"picked":"Runic Pyramid"},{"not_picked":["Pandora\u0027s Box","Coffee Dripper"],"picked":"Busted Crown"}],"items_purged_floors":[21,24,31,41],"is_endless":false,"potions_floor_spawned":[3,4,6,7,11,14,16,18,20,23,25,27,30,33,35,37,39,40,42,44,45,48,55],"ascension_level":20}