{"gold_per_floor":[113,38,38,38,38,38,38,64,64,64,82,82,157,190,190,261,261,275,275,19,19,39,39],"floor_reached":23,"playtime":906,"items_purged":[],"score":436,"play_id":"2cfe348c-5d6f-4c37-bcbd-bb1bdb8a2bc9","local_time":"20220608135102","is_ascension_mode":true,"campfire_choices":[{"data":"Bash","floor":6.0,"key":"SMITH"},{"data":"Armaments","floor":10.0,"key":"SMITH"},{"data":"Rupture","floor":12.0,"key":"SMITH"},{"data":"Pommel Strike","floor":15.0,"key":"SMITH"}],"neow_cost":"NONE","seed_source_timestamp":990221101712100,"circlet_count":0,"master_deck":["AscendersBane","Bash+1","Pommel Strike+1","Rupture+1","Armaments+1","Twin Strike","Offering","Limit Break+1","Corruption","Iron Wave","Brutality","Sword Boomerang","Fire Breathing","Pummel","Hemokinesis","Impervious","Feel No Pain","Impervious"],"special_seed":0,"relics":["Burning Blood","NeowsBlessing","Toy Ornithopter","Boot","White Beast Statue","Vajra","Pandora\u0027s Box"],"potions_floor_usage":[16,23],"damage_taken":[{"damage":0.0,"enemies":"Small Slimes","floor":1.0,"turns":1.0},{"damage":0.0,"enemies":"3 Sentries","floor":8.0,"turns":2.0},{"damage":0.0,"enemies":"Jaw Worm","floor":11.0,"turns":1.0},{"damage":4.0,"enemies":"Gremlin Nob","floor":14.0,"turns":3.0},{"damage":52,"enemies":"Slime Boss","floor":16,"turns":8},{"damage":32,"enemies":"Shell Parasite","floor":18,"turns":3},{"damage":8,"enemies":"Chosen","floor":22,"turns":4},{"damage":44,"enemies":"Book of Stabbing","floor":23,"turns":4}],"seed_played":"-6838058904305622969","potions_obtained":[{"floor":11.0,"key":"EssenceOfSteel"},{"floor":14.0,"key":"Regen Potion"},{"floor":16,"key":"FearPotion"},{"floor":18,"key":"LiquidBronze"}],"is_trial":false,"path_per_floor":["M","?","$","?","?","R","$","E","T","R","M","R","?","E","R","B",null,"M","?","$","?","M","E"],"character_chosen":"IRONCLAD","items_purchased":["Impervious","Feel No Pain"],"campfire_rested":0,"item_purchase_floors":[20,20],"current_hp_per_floor":[74,74,74,69,69,69,69,75,75,75,75,75,64,71,71,44,67,41,41,41,41,39,0],"gold":39,"neow_bonus":"THREE_ENEMY_KILL","is_prod":false,"is_daily":false,"chose_seed":false,"campfire_upgraded":4,"win_rate":0,"timestamp":1654721462,"path_taken":["M","?","$","?","?","R","?","E","T","R","M","R","?","E","R","BOSS","M","?","?","?","M","E"],"build_version":"2022-03-07","purchased_purges":0,"victory":false,"max_hp_per_floor":[75,75,75,75,75,75,75,75,75,75,75,75,75,75,75,75,75,75,75,75,75,75,75],"card_choices":[{"not_picked":["True Grit","Flex"],"picked":"Pommel Strike","floor":1.0},{"not_picked":["Perfected Strike","Shrug It Off"],"picked":"Armaments","floor":8.0},{"not_picked":["Wild Strike","Havoc"],"picked":"Twin Strike","floor":11.0},{"not_picked":["Headbutt","Whirlwind"],"picked":"Offering","floor":14.0},{"not_picked":["Juggernaut","Corruption"],"picked":"Limit Break","floor":16},{"not_picked":["Seeing Red","Anger","Body Slam"],"picked":"SKIP","floor":18},{"not_picked":["Clothesline+1","Havoc","Thunderclap"],"picked":"SKIP","floor":22}],"player_experience":1192919,"relics_obtained":[{"floor":8.0,"key":"Boot"},{"floor":9.0,"key":"White Beast Statue"},{"floor":14.0,"key":"Vajra"}],"event_choices":[{"cards_removed":["Strike_R"],"damage_healed":0.0,"max_hp_gain":0.0,"max_hp_loss":0.0,"gold_gain":0.0,"event_name":"The Cleric","player_choice":"Card Removal","floor":2.0,"gold_loss":75.0,"damage_taken":0.0},{"damage_healed":0.0,"max_hp_gain":0.0,"max_hp_loss":0.0,"gold_gain":0.0,"event_name":"Scrap Ooze","player_choice":"Success","floor":4.0,"gold_loss":0.0,"damage_taken":5.0,"relics_obtained":["Toy Ornithopter"]},{"damage_healed":0.0,"max_hp_gain":0.0,"max_hp_loss":0.0,"gold_gain":0.0,"cards_transformed":["Strike_R"],"event_name":"Living Wall","player_choice":"Change","floor":5.0,"gold_loss":0.0,"damage_taken":0.0,"cards_obtained":["Rupture"]},{"damage_healed":0.0,"max_hp_gain":0.0,"max_hp_loss":0.0,"gold_gain":75.0,"event_name":"World of Goop","player_choice":"Gather Gold","floor":13.0,"gold_loss":0.0,"damage_taken":11.0},{"damage_healed":0,"gold_gain":0,"player_choice":"Upgraded","damage_taken":0,"max_hp_gain":0,"max_hp_loss":0,"event_name":"Upgrade Shrine","floor":19,"gold_loss":0,"cards_upgraded":["Limit Break"]},{"damage_healed":0,"gold_gain":0,"player_choice":"Copied","damage_taken":0,"max_hp_gain":0,"max_hp_loss":0,"event_name":"Duplicator","floor":21,"gold_loss":0,"cards_obtained":["Impervious"]}],"is_beta":false,"boss_relics":[{"not_picked":["Runic Cube","Philosopher\u0027s Stone"],"picked":"Pandora\u0027s Box"}],"items_purged_floors":[],"is_endless":false,"potions_floor_spawned":[11,14,16,18,22],"killed_by":"Book of Stabbing","ascension_level":20}