{"gold_per_floor":[111,111,261,29,29,29,54,94,94,134,147,166,66,81,81,172,172,165,178,217,217,238,238,259,284,284,302,346,346,366,410,410,505,505,523,856,481,481,501,535,535,247,273,305,321,91,141,158,158,158,158,158,158,20,45,45],"floor_reached":57,"playtime":3387,"items_purged":["Doubt","Strike_R","Strike_R","Strike_R","Strike_R"],"score":2924,"play_id":"95bb2892-015e-463b-bd51-17d4ba4854ab","local_time":"20220603155551","is_ascension_mode":true,"campfire_choices":[{"data":"Bash","floor":6.0,"key":"SMITH"},{"data":"Armaments","floor":15.0,"key":"SMITH"},{"floor":23.0,"key":"REST"},{"data":"Demon Form","floor":32,"key":"SMITH"},{"data":"Feel No Pain","floor":41,"key":"SMITH"},{"floor":49,"key":"RECALL"},{"data":"Shockwave","floor":53,"key":"SMITH"}],"neow_cost":"NONE","seed_source_timestamp":563249544326900,"circlet_count":0,"master_deck":["AscendersBane","Defend_R","Defend_R","Defend_R","Defend_R","Bash+1","Ghostly Armor","Pommel Strike","Sever Soul","Offering","Pommel Strike","Dropkick","Armaments+1","Demon Form+1","Perfected Strike","Feel No Pain+1","Flame Barrier","Barricade","Corruption","Shockwave+1","Shrug It Off","Shrug It Off","Feel No Pain","Sever Soul","True Grit","Burning Pact"],"special_seed":0,"relics":["Burning Blood","Toolbox","PreservedInsect","Mango","Oddly Smooth Stone","Snecko Eye","Red Mask","Unceasing Top","Charon\u0027s Ashes","Nilry\u0027s Codex","Bag of Marbles","Runic Pyramid","TheAbacus","Pocketwatch","FossilizedHelix","Gremlin Horn"],"potions_floor_usage":[25,33,40,48,50,50,55,56],"damage_taken":[{"damage":7.0,"enemies":"Small Slimes","floor":1.0,"turns":6.0},{"damage":0.0,"enemies":"2 Louse","floor":7.0,"turns":4.0},{"damage":42.0,"enemies":"3 Sentries","floor":8.0,"turns":11.0},{"damage":0.0,"enemies":"Gremlin Nob","floor":10.0,"turns":2.0},{"damage":6.0,"enemies":"Jaw Worm","floor":11.0,"turns":3.0},{"damage":8.0,"enemies":"Blue Slaver","floor":12.0,"turns":2.0},{"damage":9.0,"enemies":"3 Louse","floor":14.0,"turns":4.0},{"damage":38.0,"enemies":"The Guardian","floor":16.0,"turns":11.0},{"damage":16.0,"enemies":"2 Thieves","floor":18.0,"turns":4.0},{"damage":6.0,"enemies":"Chosen","floor":19.0,"turns":3.0},{"damage":43.0,"enemies":"Masked Bandits","floor":20.0,"turns":4.0},{"damage":0.0,"enemies":"Centurion and Healer","floor":22.0,"turns":4.0},{"damage":6.0,"enemies":"Snake Plant","floor":24.0,"turns":2.0},{"damage":10,"enemies":"Snecko","floor":25,"turns":4},{"damage":6,"enemies":"Centurion and Healer","floor":27,"turns":5},{"damage":6,"enemies":"Gremlin Leader","floor":28,"turns":2},{"damage":6,"enemies":"3 Cultists","floor":30,"turns":3},{"damage":18,"enemies":"Book of Stabbing","floor":31,"turns":4},{"damage":19,"enemies":"Champ","floor":33,"turns":8},{"damage":0,"enemies":"Orb Walker","floor":35,"turns":2},{"damage":6,"enemies":"3 Darklings","floor":39,"turns":3},{"damage":24,"enemies":"Reptomancer","floor":40,"turns":4},{"damage":0,"enemies":"Nemesis","floor":44,"turns":5},{"damage":60,"enemies":"Sphere and 2 Shapes","floor":45,"turns":6},{"damage":0,"enemies":"Maw","floor":48,"turns":6},{"damage":10,"enemies":"Time Eater","floor":50,"turns":12},{"damage":6,"enemies":"Awakened One","floor":51,"turns":10},{"damage":0,"enemies":"Shield and Spear","floor":55,"turns":6},{"damage":23,"enemies":"The Heart","floor":56,"turns":8}],"seed_played":"-1452034591997450540","potions_obtained":[{"floor":10.0,"key":"BloodPotion"},{"floor":14.0,"key":"SpeedPotion"},{"floor":16.0,"key":"BloodPotion"},{"floor":18.0,"key":"GamblersBrew"},{"floor":20.0,"key":"Dexterity Potion"},{"floor":22.0,"key":"Block Potion"},{"floor":27,"key":"ElixirPotion"},{"floor":30,"key":"Fire Potion"},{"floor":33,"key":"SmokeBomb"},{"floor":39,"key":"Weak Potion"},{"floor":44,"key":"Regen Potion"},{"floor":48,"key":"Dexterity Potion"}],"is_trial":false,"path_per_floor":["M","?","?","$","?","R","M","E","T","E","M","M","$","M","R","B",null,"M","M","?","?","M","R","M","M","T","M","E","?","M","E","R","B",null,"M","?","$","?","M","E","R","$","T","E","M","$","?","M","R","B","B",null,"R","$","E","B",null],"character_chosen":"IRONCLAD","items_purchased":["Toolbox","TheAbacus","Shockwave","Shrug It Off","Feel No Pain","True Grit","BlessingOfTheForge","LiquidMemories"],"campfire_rested":1,"item_purchase_floors":[4,37,37,42,42,46,54,54],"current_hp_per_floor":[67,67,67,67,72,72,73,37,51,57,57,55,55,52,52,37,75,65,65,28,23,46,72,72,68,68,68,68,47,47,35,35,22,71,77,77,77,77,77,59,59,59,59,65,11,11,11,32,32,28,28,72,72,72,78,61],"gold":45,"neow_bonus":"TRANSFORM_CARD","is_prod":false,"is_daily":false,"chose_seed":false,"campfire_upgraded":5,"win_rate":0,"timestamp":1654296951,"path_taken":["M","?","?","$","?","R","M","E","T","E","M","M","?","M","R","BOSS","M","M","?","?","?","R","M","M","T","?","E","?","M","E","R","BOSS","M","?","$","?","M","E","R","$","T","E","M","$","?","?","R","BOSS","BOSS","R","$","E","BOSS"],"build_version":"2022-03-07","purchased_purges":5,"victory":true,"max_hp_per_floor":[75,68,68,68,73,73,73,73,87,87,87,87,87,87,87,87,87,87,87,87,87,87,87,87,87,87,87,87,87,87,87,87,87,87,87,87,87,87,87,87,87,87,87,87,87,87,87,87,87,87,87,87,87,87,87,87],"card_choices":[{"not_picked":["Body Slam","Iron Wave"],"picked":"Pommel Strike","floor":1.0},{"not_picked":["Heavy Blade","True Grit"],"picked":"Sever Soul","floor":7.0},{"not_picked":["Searing Blow","Cleave"],"picked":"Sword Boomerang","floor":8.0},{"not_picked":["Ghostly Armor","Wild Strike"],"picked":"Offering","floor":10.0},{"not_picked":["Sword Boomerang","Havoc"],"picked":"Pommel Strike","floor":11.0},{"not_picked":["Heavy Blade","Seeing Red"],"picked":"Dropkick","floor":12.0},{"not_picked":["Clash","Fire Breathing"],"picked":"Armaments","floor":14.0},{"not_picked":["Reaper","Bludgeon"],"picked":"Demon Form","floor":16.0},{"not_picked":["Flex","Ghostly Armor","Inflame"],"picked":"SKIP","floor":18.0},{"not_picked":["Battle Trance","Iron Wave","Anger"],"picked":"SKIP","floor":19.0},{"not_picked":["Disarm","Hemokinesis"],"picked":"Perfected Strike","floor":20.0},{"not_picked":["Warcry","Fire Breathing"],"picked":"Feel No Pain","floor":22.0},{"not_picked":["Ghostly Armor","Thunderclap","Warcry+1"],"picked":"SKIP","floor":24},{"not_picked":["Iron Wave","Dual Wield"],"picked":"Flame Barrier","floor":25},{"not_picked":["Reckless Charge","Sever Soul","Cleave"],"picked":"SKIP","floor":27},{"not_picked":["Pommel Strike","Rampage","Seeing Red"],"picked":"SKIP","floor":28},{"not_picked":["Havoc+1","Body Slam","Iron Wave"],"picked":"SKIP","floor":30},{"not_picked":["Uppercut","Armaments"],"picked":"Barricade","floor":31},{"not_picked":["Impervious","Berserk"],"picked":"Corruption","floor":33},{"not_picked":["Wild Strike","Whirlwind","Uppercut"],"picked":"SKIP","floor":35},{"not_picked":["Wild Strike","Infernal Blade","Thunderclap"],"picked":"SKIP","floor":39},{"not_picked":["Body Slam","Demon Form"],"picked":"Shrug It Off","floor":40},{"not_picked":["Hemokinesis","Thunderclap"],"picked":"Sever Soul","floor":44},{"not_picked":["Heavy Blade","Anger+1","Searing Blow"],"picked":"SKIP","floor":45},{"not_picked":["Shockwave","Body Slam"],"picked":"Burning Pact","floor":48},{"not_picked":["Whirlwind","Anger","Iron Wave"],"picked":"SKIP","floor":55}],"player_experience":1161952,"relics_obtained":[{"floor":8.0,"key":"PreservedInsect"},{"floor":9.0,"key":"Mango"},{"floor":10.0,"key":"Oddly Smooth Stone"},{"floor":20.0,"key":"Red Mask"},{"floor":26,"key":"Unceasing Top"},{"floor":28,"key":"Charon\u0027s Ashes"},{"floor":29,"key":"Nilry\u0027s Codex"},{"floor":31,"key":"Bag of Marbles"},{"floor":40,"key":"Pocketwatch"},{"floor":44,"key":"FossilizedHelix"},{"floor":55,"key":"Gremlin Horn"}],"event_choices":[{"damage_healed":0.0,"max_hp_gain":0.0,"max_hp_loss":7.0,"gold_gain":0.0,"event_name":"Golden Idol","player_choice":"Lose Max HP","floor":2.0,"gold_loss":0.0,"damage_taken":0.0,"relics_obtained":["Golden Idol"]},{"damage_healed":0.0,"max_hp_gain":0.0,"max_hp_loss":0.0,"gold_gain":150.0,"event_name":"Liars Game","player_choice":"AGREE","floor":3.0,"gold_loss":0.0,"damage_taken":0.0,"cards_obtained":["Doubt"]},{"damage_healed":0.0,"max_hp_gain":5.0,"max_hp_loss":0.0,"gold_gain":0.0,"event_name":"Big Fish","player_choice":"Donut","floor":5.0,"gold_loss":0.0,"damage_taken":0.0},{"damage_healed":0.0,"max_hp_gain":0.0,"max_hp_loss":0.0,"gold_gain":0.0,"event_name":"Masked Bandits","player_choice":"Fought Bandits","floor":20.0,"gold_loss":0.0,"damage_taken":0.0},{"damage_healed":0.0,"max_hp_gain":0.0,"max_hp_loss":0.0,"gold_gain":0.0,"event_name":"The Woman in Blue","player_choice":"Bought 0 Potions","floor":21.0,"gold_loss":0.0,"damage_taken":0.0},{"damage_healed":0,"gold_gain":0,"player_choice":"Obtained Book","damage_taken":21,"max_hp_gain":0,"max_hp_loss":0,"event_name":"Cursed Tome","floor":29,"gold_loss":0},{"damage_healed":0,"gold_gain":333,"player_choice":"Gave Idol","damage_taken":0,"max_hp_gain":0,"max_hp_loss":0,"event_name":"The Moai Head","floor":36,"relics_lost":["Golden Idol"],"gold_loss":0},{"cards_removed":["Sword Boomerang"],"damage_healed":0,"gold_gain":0,"player_choice":"Removed Attack","damage_taken":0,"max_hp_gain":0,"max_hp_loss":0,"event_name":"Falling","floor":38,"gold_loss":0},{"damage_healed":0,"gold_gain":50,"player_choice":"Pray","damage_taken":0,"max_hp_gain":0,"max_hp_loss":0,"event_name":"Golden Shrine","floor":47,"gold_loss":0}],"is_beta":false,"boss_relics":[{"not_picked":["Fusion Hammer","Tiny House"],"picked":"Snecko Eye"},{"not_picked":["Sozu","SacredBark"],"picked":"Runic Pyramid"}],"items_purged_floors":[4,13,37,42,46],"is_endless":false,"potions_floor_spawned":[10,14,16,18,20,22,27,30,33,39,44,48],"ascension_level":20}