{"gold_per_floor":[114,189,20,35,53,80,106,147,159,171,200,212,234,246,258,348,360,383,412,349,372,384,396],"floor_reached":23,"playtime":875,"items_purged":[],"score":556,"play_id":"6fad7d13-a566-4925-b160-1e2b9803c4fc","local_time":"20220609125225","is_ascension_mode":true,"campfire_choices":[{"floor":12.0,"key":"REST"},{"floor":15.0,"key":"REST"}],"neow_cost":"TEN_PERCENT_HP_LOSS","seed_source_timestamp":52483077013300,"circlet_count":0,"master_deck":["AscendersBane","Strike_P","Strike_P","Strike_P","Strike_P","Eruption","Vigilance","Weave","Vault","Tantrum","FearNoEvil","MentalFortress","TalkToTheHand","ThirdEye","Nirvana","EmptyFist","Meditate+1"],"special_seed":0,"relics":["PureWater","MawBank","Mummified Hand","Singing Bowl","Toxic Egg 2","Philosopher\u0027s Stone","MutagenicStrength"],"potions_floor_usage":[],"damage_taken":[{"damage":1.0,"enemies":"Small Slimes","floor":1.0,"turns":5.0},{"damage":0.0,"enemies":"Cultist","floor":4.0,"turns":1.0},{"damage":1.0,"enemies":"2 Louse","floor":5.0,"turns":3.0},{"damage":35.0,"enemies":"Gremlin Nob","floor":6.0,"turns":4.0},{"damage":6.0,"enemies":"Looter","floor":7.0,"turns":4.0},{"damage":0.0,"enemies":"Lagavulin","floor":8.0,"turns":6.0},{"damage":6.0,"enemies":"3 Louse","floor":11.0,"turns":3.0},{"damage":8.0,"enemies":"Red Slaver","floor":13.0,"turns":3.0},{"damage":0.0,"enemies":"Slime Boss","floor":16.0,"turns":5.0},{"damage":13,"enemies":"2 Thieves","floor":18,"turns":4},{"damage":25,"enemies":"Shell Parasite","floor":19,"turns":5},{"damage":16,"enemies":"Cultist and Chosen","floor":21,"turns":6},{"damage":10,"enemies":"Gremlin Leader","floor":23,"turns":4}],"seed_played":"5730419714284751201","potions_obtained":[{"floor":6.0,"key":"PowerPotion"},{"floor":8.0,"key":"FearPotion"},{"floor":13.0,"key":"Fire Potion"}],"is_trial":false,"path_per_floor":["M","?","$","M","M","E","M","E","T","?","M","R","M","?","R","B",null,"M","M","?","M","?","E"],"character_chosen":"WATCHER","items_purchased":["FearNoEvil","MentalFortress"],"campfire_rested":2,"item_purchase_floors":[3,3],"current_hp_per_floor":[60,49,49,49,48,13,7,7,7,7,1,19,13,13,32,34,58,47,24,24,10,10,0],"gold":396,"neow_bonus":"TRANSFORM_TWO_CARDS","is_prod":false,"is_daily":false,"chose_seed":false,"campfire_upgraded":0,"win_rate":0,"timestamp":1654804345,"path_taken":["M","?","$","M","M","E","M","E","T","?","M","R","?","?","R","BOSS","M","M","?","M","?","E"],"build_version":"2022-03-07","purchased_purges":0,"victory":false,"max_hp_per_floor":[62,62,62,62,62,62,62,62,62,62,62,62,64,64,64,66,66,68,70,70,72,72,72],"card_choices":[{"not_picked":["EmptyBody","Halt"],"picked":"Tantrum","floor":1.0},{"not_picked":["Indignation","JustLucky"],"picked":"TalkToTheHand","floor":4.0},{"not_picked":["Protect","CrushJoints"],"picked":"ThirdEye","floor":5.0},{"not_picked":["MentalFortress","CrushJoints"],"picked":"Nirvana","floor":6.0},{"not_picked":["ClearTheMind","SignatureMove","FlyingSleeves"],"picked":"SKIP","floor":7.0},{"not_picked":["Pray","Worship"],"picked":"EmptyFist","floor":8.0},{"not_picked":["SignatureMove","CrushJoints"],"picked":"Meditate+1","floor":11.0},{"not_picked":["PathToVictory+1","CrushJoints","Perseverance+1"],"picked":"Singing Bowl","floor":13.0},{"not_picked":["ConjureBlade+1","Alpha+1","Ragnarok"],"picked":"Singing Bowl","floor":16.0},{"not_picked":["Halt+1","JustLucky","EmptyBody+1"],"picked":"Singing Bowl","floor":18},{"not_picked":["CrushJoints+1","CutThroughFate","EmptyBody+1"],"picked":"Singing Bowl","floor":19},{"not_picked":["Swivel+1","Evaluate+1","PathToVictory+1"],"picked":"Singing Bowl","floor":21}],"player_experience":1196837,"relics_obtained":[{"floor":6.0,"key":"MawBank"},{"floor":8.0,"key":"Mummified Hand"},{"floor":9.0,"key":"Singing Bowl"},{"floor":10.0,"key":"Toxic Egg 2"}],"event_choices":[{"damage_healed":0.0,"max_hp_gain":0.0,"max_hp_loss":0.0,"gold_gain":75.0,"event_name":"World of Goop","player_choice":"Gather Gold","floor":2.0,"gold_loss":0.0,"damage_taken":11.0},{"damage_healed":0.0,"max_hp_gain":0.0,"max_hp_loss":0.0,"gold_gain":0.0,"event_name":"Wheel of Change","player_choice":"Relic","floor":10.0,"gold_loss":0.0,"damage_taken":0.0},{"cards_removed":["Defend_P"],"damage_healed":0.0,"max_hp_gain":0.0,"max_hp_loss":0.0,"gold_gain":0.0,"event_name":"Living Wall","player_choice":"Forget","floor":14.0,"gold_loss":0.0,"damage_taken":0.0},{"cards_removed":["Defend_P"],"damage_healed":0,"gold_gain":0,"player_choice":"Gave Gold","damage_taken":0,"max_hp_gain":0,"max_hp_loss":0,"event_name":"Beggar","floor":20,"gold_loss":75},{"damage_healed":0,"gold_gain":0,"player_choice":"Inject Mutagens","damage_taken":0,"relics_obtained":["MutagenicStrength"],"max_hp_gain":0,"max_hp_loss":0,"event_name":"Drug Dealer","floor":22,"gold_loss":0}],"is_beta":false,"boss_relics":[{"not_picked":["Fusion Hammer","Runic Dome"],"picked":"Philosopher\u0027s Stone"}],"items_purged_floors":[],"is_endless":false,"potions_floor_spawned":[6,8,13],"killed_by":"Gremlin Leader","ascension_level":20}